3859 6084
274 522 330 571 (tto
373 508 492 585 (respo.)

747 506 1034 567 rexntonormr.
1055 508 1151 567 oron.
1173 508 1229 583 ις.
1252 508 1340 567 nno.
1362 509 1401 583 ς.

269 642 349 719 ριλιον
369 638 454 715 τιμάς.
495 629 543 702 θ’ίς
564 635 615 716 γάρ
637 636 776 714 ἐθεράπευε
800 636 858 702 τοὺς
880 637 1041 716 κρείττονας,
1088 622 1294 705 οἰιειιιεδιειοθιιιιι
1311 648 1373 697 enim
1387 645 1665 709 rnnjorescoiebetipsc,
1682 646 1716 695 itu
1728 646 1861 695 sibicrni·

1754 504 1862 583 ιιιιιιι

267 727 363 793 τούτοις
376 725 469 789 καύτος
488 723 560 795 ἠξίου
574 722 773 802 θεραπεύεσθαι,
792 724 838 782 καί
857 725 887 782 τὸ
901 726 1042 783 κάλλιστον
1088 735 1192 783 roribus
1202 734 1251 784 beri
1258 735 1366 794 sciebat,
1376 738 1399 783 et
1407 734 1468 795 quod
1476 734 1514 782 itte
1525 734 1641 796 optimum
1653 746 1679 781 se
1688 733 1746 781 dere
1757 734 1861 794 putebat,

266 806 302 872 ὧν
326 813 392 895 ᾤετο
417 811 551 890 παρέχειν,
575 814 627 869 τῶν
651 810 747 887 ὁμοίων
772 812 911 887 ἐπιθυμίαν
938 812 1042 883 ἐδήλου.
1088 823 1110 871 id
1125 824 1201 885 ipsum
1218 823 1351 872 desiderare
1362 821 1449 871 indicio
1466 824 1524 869 eret.
1557 820 1626 881 Atqui
1644 819 1789 867 Judreorurn
1811 833 1862 877 erens
1892 848 1893 851 ι

220 919 224 928 ’
267 902 306 961 Τό
329 925 359 979 γε
383 899 435 973 μὴν
450 898 582 960 Ἰουδαίων
606 898 675 965 ἔθνος
696 898 870 977 ἠλλοτρίωται
893 899 964 979 νόμῳ
980 901 1043 979 πρὸς
1088 908 1138 969 iege
1151 910 1298 958 suaebtstis
1311 909 1423 957 omnibus
1442 907 1595 967 cbirorrebet,
1614 911 1638 955 et
1656 908 1794 955 nssrretectn
1816 912 1862 954 erat

240 991 352 1048 επάντα
375 988 408 1045 τὰ
432 992 553 1057 τοιαῦτα,
575 986 620 1046 καί
641 986 798 1045 συνείθισται
818 988 846 1043 τὸ
867 985 965 1045 δίκαιον
987 986 1044 1045 ἀντὶ
1088 996 1199 1065 mojorem
1219 996 1277 1057 justi
1296 1000 1319 1044 et
1339 996 1401 1057 requi
1424 1008 1495 1058 quem
1514 994 1594 1057 giorios
1614 994 1729 1043 rationem
1753 994 1861 1041 babere:

266 1082 310 1134 τοῦ
324 1075 388 1155 πρὸς
409 1076 483 1141 δόξαν
504 1073 683 1152 ἠγαπηκέναι·
699 1073 787 1152 διόπερ
802 1075 848 1131 οὐκ
862 1066 893 1146 ἦν
908 1075 980 1154 αὐτῷ
1001 1097 1043 1133 κε·
1087 1090 1230 1146 quapropter
1241 1084 1286 1145 ipsi
1301 1098 1347 1132 non
1358 1083 1417 1132 odeo
1430 1087 1496 1145 grets
1510 1085 1716 1144 cratetecceptn‚
1732 1083 1801 1144 quod
1818 1098 1861 1130 uon
1893 1061 1894 1083 ί

266 1160 479 1242 χαρισμένον,θτι
491 1161 528 1238 μὴ
540 1161 648 1219 δυνατὸν
660 1160 764 1235 εἰκόσιν,
774 1160 792 1231 ἢ
804 1165 882 1233 ναοῖς,
893 1160 911 1231 ἢ
922 1160 1045 1227 τοιούτοις
1088 1175 1198 1234 potuerat
1214 1172 1299 1220 statuis
1310 1176 1334 1221 et
1346 1171 1440 1232 tempiis
1451 1175 1476 1220 et
1490 1168 1622 1233 hujusmodi
1634 1170 1706 1219 rebns
1717 1172 1782 1231 regis
1791 1170 1861 1217 ambi

268 1251 469 1325 ἐπιτηδεύμασιν
482 1249 631 1310 κολακεύειν
646 1256 690 1307 τοῦ
706 1250 833 1327 βασιλέως
850 1249 880 1307 τδ
900 1250 1043 1330 φιλότιμον.
1088 1242 1290 1309 θοοειειεθιιίιιί.
1321 1258 1379 1309 nrtnt
1397 1258 1494 1321 quidem
1511 1258 1562 1307 brec
1575 1266 1646 1307 cerusa
1662 1258 1757 1306 ridetur
1773 1260 1860 1306 curte·
1894 1257 1895 1335 γ

270 1341 348 1399 Αἰτίαι
363 1339 410 1415 μὲν
423 1338 489 1409 αὕτη
508 1362 552 1415 μοι
564 1340 633 1396 δοκεῖ
645 1342 690 1407 τῆς
709 1336 827 1417 Ἡρώδου
840 1337 900 1416 περὶ
920 1338 967 1414 μὲν
987 1338 1045 1406 τοδς
1089 1346 1192 1397 mitiores
1210 1349 1234 1396 et
1250 1346 1402 1395 consiliorum
1422 1347 1546 1409 participes
1563 1346 1624 1395 meis
1642 1346 1769 1394 tractando
1787 1360 1860 1407 pecta·
1894 1344 1895 1403 ἰ

230 1444 254 1481 ιο
268 1427 374 1492 οἰκείους
392 1426 437 1484 καὶ
456 1423 617 1503 συμὸούλους
630 1424 777 1505 ἁμαρτίας,
794 1425 854 1503 περὶ
869 1424 896 1483 δὲ
916 1425 974 1492 τοὺς
997 1424 1046 1493 ἔξω
1090 1436 1165 1497 uerit,
1189 1436 1247 1485 dom
1268 1440 1360 1485 exteros
1381 1439 1406 1484 et
1427 1434 1518 1484 elienor
1541 1434 1660 1483 beneficiis
1676 1433 1795 1507 demereri
1817 1438 1860 1481 stu·
1894 1422 1895 1459 ἰ

267 1514 311 1570 καὶ
324 1513 361 1589 μὴ
375 1512 553 1594 προσήκοντας
567 1510 721 1590 εὐεργεσίας.

571 1643 663 1700 ΚΕΦ.
684 1640 734 1716 (ζ’.

307 1772 374 1838 Τοὺς
398 1769 426 1828 δί
446 1769 514 1828 κατδ
538 1768 585 1841 cir
606 1769 694 1829 Ἀσίαν
711 1770 852 1837 Ἰουδαίους
865 1771 910 1828 καί
931 1770 1006 1837 ὅσους
1029 1776 1045 1842 ἡ

1089 1522 1175 1573 doerit.
1895 1551 1896 1629 γ

1368 1653 1450 1710 cre.
1473 1652 1524 1709 vr.
1546 1652 1603 1729 tx.)

1120 1791 1232 1839 Ceterum
1243 1788 1319 1838 Judtci
1328 1788 1369 1851 qni
1380 1789 1402 1837 in
1413 1788 1467 1837 Asis
1478 1792 1502 1837 et
1509 1788 1583 1850 Libye
1591 1789 1721 1849 cyrenensi
1732 1786 1858 1847 degebant,

268 1858 332 1938 πρὸς
346 1857 466 1964 Restitit
479 1854 703 1963 ΛῑὸύηΙθθῖέθίῑί
715 1856 824 1963 {mitt
836 1860 864 1913 “i
877 1856 965 1922 πθθῑῑί
973 1902 980 1928 ν
994 1860 1045 1962 τῖἷζί
1088 1882 1247 1930 neiritntibus
1260 1882 1413 1943 verebantur,
1431 1897 1505 1945 quum
1516 1868 1677 1946 superioribus
1688 1884 1787 1946 quidem
1801 1885 1858 1943 regi·
1896 1843 1897 1935 ἰ

270 1944 317 2022 μὲν
330 1968 455 2021 “timim
476 1946 605 2022 βασίλεων
620 1946 753 2019 ἰσονομίαν
771 1951 858 2008 αυτοῖς
871 1965 1044 2021 παθθσλθμί·
1090 1972 1165 2021 busin
1177 1988 1245 2035 nouo
1252 1976 1305 2037 jure
1315 1976 1371 2037 ipsis
1380 1990 1491 2025 concesso
1499 1976 1610 2035 tuissent,
1621 1982 1679 2024 tunc
1689 1990 1746 2025 vero
1756 1990 1796 2039 per
1804 1980 1858 2023 Grre

233 2056 256 2092 ιο
269 2060 329 2108 νων,
345 2038 372 2093 ἕν
384 2034 411 2093 δὲ
424 2037 461 2113 τῷ
473 2033 530 2090 τότε
543 2034 574 2091 δι’
586 2033 707 2113 ἐπηρείας
719 2032 831 2111 ἐχόντων
844 2036 895 2090 τῶν
909 2032 1044 2101 Ἑλλήνων

184 2144 189 2153 ·
267 2120 376 2192 αὐτοὺς,
399 2125 433 2186 ὡς
453 2120 498 2177 καὶ
511 2118 654 2198 χρημάτων
668 2122 743 2198 ίεριῗιν
769 2118 904 2199 άραίρεσιν
918 2120 1047 2177 ποιεῖσθαι

1022 2208 1033 2226 Ν

270 2207 315 2268 καί
330 2208 523 2266 καταύλάπτειν
538 2209 564 2264 ἐν
578 2208 629 2271 τοῖς
644 2207 686 2265 ἐπί
708 2206 809 2286 μέρους.
852 2206 1004 2284 Πάσχοντες
1019 2214 1046 2263 οὲ

272 2300 358 2363 κακῶς
373 2297 418 2354 καί
433 2295 514 2375 πέρας
530 2293 601 2352 οὐδὲν
617 2295 775 2375 εὑρίσκοντες
788 2298 834 2363 τῆς
846 2298 898 2351 τῶν
911 2292 1046 2365 Ἑλλήνιον

1090 2084 1131 2117 cos
1144 2070 1234 2129 injuriis
1250 2070 1406 2131 obicerentur,
1416 2072 1476 2121 odeo
1486 2078 1511 2121 nt
1522 2084 1588 2121 socru
1599 2073 1696 2133 pecunia
1708 2073 1858 2135 spoliarentur
1896 2054 1897 2065 ¹

1090 2170 1113 2214 ct
1125 2166 1397 2229 prirutirnimderentur.
1422 2172 1568 2231 Quapropter
1576 2182 1649 2231 quum
1658 2170 1682 2217 in
1691 2182 1722 2217 es
1730 2170 1857 2217 cetcmrtute
1897 2145 1898 2173 ί

1090 2264 1181 2319 essent,
1194 2274 1270 2323 neque
1282 2264 1419 2311 Gru-corum
1432 2262 1580 2311 crudelitatis
1591 2261 1663 2309 smem
1681 2262 1759 2310 rrlirnu
1775 2262 1857 2309 iurent·

965 2382 971 2403 ι
1038 2382 1044 2405 ι
1091 2365 1153 2413 rent,
1165 2355 1279 2403 miserunt
1289 2354 1359 2403 etium
1368 2355 1418 2403 istis
1427 2354 1457 2403 de
1466 2354 1536 2402 rebus
1546 2353 1668 2414 tegetosed
1677 2356 1806 2403 Cursorern.
1823 2354 1858 2401 tite

276 2385 475 2466 ἀπανθρωπίας,
491 2381 698 2463 ἐπρεσὸεύσαντο
711 2384 773 2461 πρὸς
794 2383 915 2456 Καίσαρα
930 2406 975 2439 και
989 2406 1047 2463 περι

230 2472 373 2532 αοτούτων.
418 2471 451 2532 ‘O
465 2474 488 2530 δ’
507 2474 591 2537 αὐτοῖς
607 2469 653 2542 τὴν
676 2469 756 2539 αὐτὴν
783 2469 922 2527 ἰσοτέλειαν
943 2468 1046 2539 ἔδωκεν,

1091 2464 1147 2499 vero
1161 2450 1188 2499 iis
1196 2450 1257 2511 juris
1268 2451 1404 2511 equitatem
1417 2450 1545 2511 concessit,
1557 2454 1581 2498 et
1591 2450 1619 2497 nri
1632 2450 1788 2511 provinciales
1798 2464 1824 2497 en
1833 2450 1858 2495 dc
1898 2432 1899 2467 ἰ

273 2560 374 2639 γράψας
393 2560 446 2624 τοῖς
469 2556 597 2623 κατδιτδις
621 2556 760 2635 ἐπαρχίας·
786 2546 822 2612 ὧν
836 2555 1000 2632 ὑπετάξαμεν
1014 2556 1047 2613 τὰ
1092 2549 1347 2611 rescripsitzqnorurn
1367 2550 1531 2611 rescriptorum
1547 2550 1690 2613 exemplaris
1705 2550 1858 2611 subierimus,

272 2648 418 2727 ἀντίγραφα
427 2645 556 2726 μαρτύρια
565 2624 757 2715 τῆςδςαθέᾷςως
767 2643 798 2713 ἣν
809 2642 885 2722 ἔσχον
894 2641 959 2722 ὑπὲρ
972 2647 1047 2720 ἡμῶν
1092 2647 1118 2690 nt
1127 2642 1194 2690 nobis
1205 2643 1336 2691 testimonio
1347 2642 1407 2703 sint,
1418 2656 1464 2705 qua
1474 2644 1496 2691 in
1508 2658 1550 2693 nos
1560 2645 1682 2695 voluntate
1694 2647 1783 2695 tuerint
1794 2650 1851 2707 inzpe

272 2735 367 2793 ἄνωθεν
381 2738 404 2793 ci
419 2740 582 2813 κρατοῦντες.
592 2744 604 2763 “

315 2822 348 2900 β’.
375 2850 387 2874 ι
417 2826 523 2898 Καῖσαρ
554 2818 700 2891 Σεθαστδς,
726 2817 872 2898 ἀρχιερεὺς,
905 2819 1046 2896 δημαρχι-

233 2926 283 2965 25«
298 2914 344 2979 κῆς
368 2908 482 2976 ἐξουσίας
502 2910 517 2939 ⁴
538 2909 616 2984 λέγει.
657 2906 767 2975 Ἐπειδὴ
791 2910 821 2963 τὸ
846 2903 914 2971 ἔθνος
935 2905 965 2963 τὸ
991 2908 1043 2963 τῶν

271 2996 429 3055 «Ἰουδαίων
445 2994 595 3075 εὐχάριστον
609 2994 704 3075 ηὑρέθη
728 2996 757 3053 οὔ
781 2992 856 3069 μόνον
880 2994 905 3049 ἰν
922 2996 960 3072 τῷ
976 2994 1047 3050 ἐνεσ-

270 3110 283 3135 «
297 3086 360 3140 τῶτι
382 3086 480 3161 καιρῷ,
503 3080 571 3140 diii
586 3082 631 3144 καί
654 3086 680 3140 ἐν
699 3086 737 3161 τῷ
760 3079 984 3159 προγεγενημένῳ,
1004 3078 1049 3136 καί

271 3171 414 3247 «μάλιστα
439 3169 540 3228 ἰπίτοῧ
564 3172 628 3245 ἰμοθ
652 3169 748 3248 πατρὸς
774 3168 962 3246 αὐτοκράτορος
978 3166 1049 3225 Καί-

272 3288 285 3310 ·
299 3280 391 3337 σορκ,
419 3256 483 3335 πρὸς
505 3256 549 3316 τδν
574 3258 656 3333 δῆμον
677 3260 728 3314 τῶν
750 3254 901 3331 Ῥωμαίων,
920 3253 935 3311 ὅ
952 3276 981 3311 τε
1001 3256 1049 3332 άρ-

234 3343 398 3425 ουιχιερεθς
421 3347 505 3403 αὐτῶν
529 3343 671 3423 Ὑρκανὸς,
697 3342 765 3410 ἔδοξέ
789 3366 833 3417 μοι
860 3340 905 3399 καὶ
931 3344 968 3420 τῷ
993 3342 1048 3421 ἐμῷ

273 3462 284 3483 ι
298 3431 449 3511 σομὸουλίιρ
477 3429 544 3507 μετά
565 3430 727 3509 ὁρκωμοσίας
748 3428 839 3508 γνώμη
864 3428 947 3505 δήμου
977 3426 1049 3487 Ῥω·

273 3549 284 3570 ι
299 3520 393 3595 μαίων,
409 3518 468 3583 τοὺς
485 3518 623 3585 Ἰουδαίους
646 3521 759 3597 χρῆσθαι
781 3522 833 3583 τοῖς
854 3516 925 3583 ἰδίοις
946 3522 1049 3591 θεσμοῖς

273 3632 285 3656 ι
299 3605 367 3663 κατὰ
380 3606 424 3663 τὸν
446 3604 555 3683 πάτριον
569 3606 653 3681 unitim
675 3602 761 3679 νόμον,
778 3602 861 3669 καθὼς
877 3607 990 3681 ἰχριῗιντο
1007 3603 1049 3660 ἰπί

274 3720 286 3743 ι
300 3692 430 3772 Ὑρκανοῦ
445 3690 584 3772 ἀρχιερέως
597 3683 666 3757 9ιοῦ
687 3690 808 3769 ὑψίστου,
824 3690 857 3747 τά
870 3713 897 3748 τε
912 3690 969 3768 ispi
984 3680 1049 3748 ιίναι

236 3799 263 3837 ου
274 3808 286 3831 ι
304 3783 330 3837 ἐν
355 3780 463 3858 ἀσυλίᾳ,
486 3778 533 3837 καὶ
546 3777 746 3853 άναπίμπισθαι
760 3780 797 3843 εἰς
810 3776 991 3854 Ὶεροσολυμα,
1005 3776 1049 3835 καὶ

274 3896 285 3918 ι
301 3856 634 3931 άποδίδσσθαιαύτδι’“τοῖς
660 3867 832 3943 ἀποδοχεῦσιν
857 3864 1046 3943 Ἱεροσολύμων

274 3952 393 4029 «ἐγγύας
411 3960 439 4009 τε
461 3950 497 4028 μὴ
520 3954 653 4029 ὁμολογεῖν
668 3950 758 4017 αὐτοὺς
772 3952 799 4007 ἐν
814 3950 954 4027 σάὸὅααιν,
977 3950 994 4021 ἢ
1016 3956 1048 4029 τῇ

274 4040 351 4120 «repe
373 4039 469 4110 ταύτης
483 4043 653 4118 παρασκευῇ·
680 4037 732 4095 ἀπὸ
748 4035 817 4115 ὥρας
839 4038 941 4109 ἐνάτης.
985 4036 1048 4098 ’Edu

275 4156 286 4181 ι
302 4128 330 4186 δέ
342 4152 380 4193 τις
393 4131 499 4207 φωραθῇ
515 4125 633 4184 κλίπτων
647 4124 693 4192 τδς
706 4124 777 4205 ίιρδς
792 4124 896 4204 βίθλους
914 4128 1010 4199 αὐτῶν,
1031 4125 1048 4197 ἢ

233 4242 285 4279 ro«
299 4215 333 4275 τίι
359 4215 421 4294 ίερίτ
444 4214 585 4293 χρήματα,
612 4212 641 4271 ἔκ
666 4235 693 4270 τε
722 4211 880 4271 σαὸθατείου
897 4212 927 4271 ίκ
945 4236 973 4270 τε
998 4216 1049 4269 άν-

274 4306 405 4380 ιδρῶνος,
419 4293 485 4361 εἰναι
509 4300 587 4358 αὐτὸν
607 4299 748 4379 ἱερόσυλον,
768 4300 814 4358 καὶ
829 4300 872 4357 τὸν
893 4300 947 4378 βίον
971 4303 1049 4358 αιἰτοθ

273 4395 435 4470 «ἐνεχθῆναι
460 4392 495 4456 εἰς
508 4389 538 4447 τὸ
557 4388 680 4463 δημόσιον
699 4391 749 4444 τῶν
773 4386 923 4463 Ῥωμαίων.
965 4387 1004 4447 Τὸ
1022 4388 1049 4445 δί

274 4478 422 4558 ιιρήρισμα
445 4475 474 4534 τὸ
498 4476 568 4535 δοθέν
591 4498 635 4551 μοι
656 4478 701 4531 ὑπ’
715 4476 809 4545 αὐτῶν,
831 4473 896 4552 ὑπὲρ
916 4478 962 4545 τῆς
985 4476 1050 4549 ἐμῆς

274 4564 444 4632 ιιύσεόείας,
474 4556 504 4635 ἧς
529 4564 582 4641 ἔχω
607 4560 671 4640 πρὸς
692 4561 791 4626 πάντας
816 4559 978 4638 ἀνθρώπους,
1004 4560 1049 4618 καί

233 4676 259 4715 ts
275 4680 285 4703 ι
300 4651 365 4730 ὑπὲρ
392 4650 473 4711 scion
499 4649 619 4729 Μαρκίου
643 4646 825 4726 Κηνσωρίνου,
853 4648 898 4705 καὶ
922 4654 998 4705 τοῦτο
1021 4648 1050 4706 τὸ

273 4738 431 4814 «διάταγμα
445 4736 543 4794 κελεύοι
559 4740 714 4807 ἀνατεθῆναι
733 4737 760 4791 ἐν
774 4733 960 4815 ἐπισημοτάτῳ
977 4734 1049 4815 τύπῳ

273 4854 286 4878 ιι
300 4825 428 4900 γενηθέντι
444 4847 489 4900 μοι
507 4824 558 4882 ὑπὸ
571 4829 615 4881 τοῦ
629 4828 715 4880 κοινοῦ
728 4827 773 4891 τῆς
787 4820 872 4888 Ἀσίας
886 4824 913 4879 ἐν
927 4820 1048 4900 Ἀγκύρῃ.

274 4910 367 4970 «Ἐάν
391 4912 419 4968 δι’
438 4935 476 4977 τις
498 4911 606 4992 παραύῇ
628 4933 654 4966 τι
675 4912 727 4966 τῶν
749 4910 953 4988 προειρημένων,
974 4909 1050 4967 δοίσει

274 5026 286 5051 ι
301 4998 373 5067 δίκην
388 4998 445 5075 οὗχί
458 4999 567 5078 μετρίαν
582 5026 602 5057 ν.
640 4998 876 5078 Ἐστηλογραρήθη
892 5000 918 5055 ἐν
932 5000 970 5075 τῷ
988 4997 1054 5056 Καθ’

236 5086 429 5162 ωσαροςναῷ.

1092 2742 1181 2785 ratores
1194 2740 1338 2798 superiores.

1123 2836 1145 2879 2.
1164 2850 1175 2871 ι
1191 2834 1270 2878 cresar
1281 2833 1413 2891 Arrgustus,
1427 2831 1532 2893 pontifex
1543 2833 1674 2893 munimus,
1686 2833 1813 2882 tribunitire
1824 2847 1857 2894 pe

1093 2950 1104 2973 ιι
1118 2931 1209 2981 testatis
1221 2932 1231 2958 ¹
1244 2932 1323 2981 edicit.
1341 2931 1537 2994 Quandoquidem
1549 2932 1686 2983 tudreorom
1700 2948 1759 2995 gens
1770 2949 1814 2983 nun
1827 2948 1858 2983 so

1094 3054 1105 3077 ιι
1120 3036 1170 3084 ium
1181 3036 1226 3084 troc
1241 3041 1345 3098 tempore
1364 3036 1410 3083 tide
1425 3041 1450 3084 et
1461 3038 1526 3097 graio
1544 3036 1632 3097 populo
1648 3039 1755 3086 iioureno
1771 3040 1858 3086 iurentr

1090 3147 1106 3181 ἰ
1117 3144 1166 3201 est,
1177 3138 1218 3189 sed
1228 3142 1253 3187 ct
1262 3137 1336 3187 multu
1343 3142 1397 3187 unte
1405 3172 1413 3198 ,
1422 3138 1571 3198 meximeque
1579 3136 1624 3185 sub
1634 3142 1700 3200 petre
1710 3153 1765 3189 meo
1774 3144 1858 3189 cesare

1093 3262 1106 3287 ιι
1121 3242 1276 3305 imperatore,
1288 3246 1313 3291 ct
1330 3240 1354 3289 in
1369 3242 1452 3304 primis
1473 3240 1577 3303 pontifex
1590 3242 1710 3292 maximus
1725 3246 1856 3306 Hyrcanos,

1094 3362 1106 3385 ιι
1121 3340 1208 3405 placuit
1219 3340 1278 3389 mibi
1289 3342 1313 3389 et
1324 3340 1463 3389 consiliariis
1475 3341 1533 3390 meis
1550 3345 1691 3404 auderetis,
1703 3343 1733 3393 de
1751 3346 1857 3394 metentis

1094 3463 1106 3486 ι
1122 3442 1201 3506 popuii
1211 3442 1325 3503 Romani,
1336 3446 1362 3490 ut
1371 3441 1449 3491 Judaei
1459 3443 1508 3490 suis
1520 3442 1627 3492 moribus
1638 3446 1673 3493 uti
1684 3447 1792 3508 experiris
1804 3448 1858 3509 ipo

1095 3566 1106 3587 ι
1121 3560 1173 3595 rum
1185 3546 1234 3608 tege
1246 3546 1387 3606 sinerentur,
1402 3546 1603 3608 quemrdmodum
1622 3549 1749 3599 utebantur
1760 3554 1856 3613 tempore

1094 3668 1106 3691 ιι
1124 3649 1225 3711 Hyrcani
1233 3648 1349 3711 pontificis
1357 3650 1444 3699 summi
1453 3651 1594 3713 Dei3neqne
1603 3634 1856 3703 eorumdonurienttin·

1095 3772 1106 3795 ι
1122 3758 1240 3813 gerentur,
1247 3750 1290 3801 sed
1299 3751 1462 3815 Hierosolyma
1471 3752 1532 3801 mitti
1541 3756 1763 3815 permitterentur,
1774 3760 1795 3805 et
1802 3756 1856 3805 ordi

1094 3876 1106 3897 ιι
1123 3854 1283 3917 receptoribus
1295 3854 1513 3916 Hierosolymorum
1526 3874 1532 3903 ι
1543 3867 1602 3905 nere
1611 3859 1751 3918 cogerentur
1760 3858 1787 3906 ud
1797 3858 1856 3905 radi·

1094 3978 1105 4002 ιι
1123 3960 1201 4008 menie
1211 3960 1345 4021 preestnnde
1356 3958 1476 4020 sabbatis,
1486 3964 1528 4008 unt
1539 3966 1657 4022 querente
1666 3962 1719 4011 brec
1731 3962 1796 4012 tuerit
1804 3976 1855 4024 pree

1094 4082 1107 4107 α
1124 4056 1214 4125 peretto
1221 4062 1251 4111 eb
1261 4062 1318 4111 Ιιοιι
1330 4076 1400 4111 ιιοιια.
1433 4062 1523 4121 Quodsi
1533 4062 1587 4125 quis
1597 4063 1689 4115 terretur
1698 4078 1776 4115 meros
1784 4080 1855 4115 eorum

1094 4184 1106 4209 ιι
1124 4166 1196 4215 libros
1209 4169 1252 4215 eut
1267 4178 1357 4215 sermm
1373 4166 1512 4228 pecuniam,
1524 4180 1554 4215 er
1566 4167 1626 4216 cette
1639 4168 1771 4219 sebbetrrit
1782 4173 1819 4219 act
1828 4182 1854 4218 er

1095 4288 1106 4311 ι
1123 4268 1181 4319 celin
1197 4256 1344 4318 conclavium
1362 4268 1485 4328 virorum,
1499 4268 1662 4330 deprenensus
1678 4270 1758 4331 tuerit,
1773 4286 1811 4334 pro
1822 4282 1854 4317 se·

1095 4369 1328 4431 «eriiegobebetom
1347 4370 1447 4431 cirroque
1463 4368 1524 4417 bone
1540 4370 1564 4417 in
1583 4370 1705 4431 pubiicum
1722 4372 1853 4435 populetis·

1095 4492 1106 4516 ιι
1124 4486 1194 4521 meno
1208 4471 1358 4521 addicuntur.
1392 4476 1515 4522 Decretum
1528 4472 1598 4521 etiem
1615 4474 1679 4535 quod
1694 4474 1742 4523 mei
1755 4474 1779 4522 in
1792 4474 1853 4521 bono

1095 4594 1106 4617 ιι
1125 4588 1174 4623 rem
1183 4575 1341 4637 scripserunt,
1351 4574 1382 4623 ob
1392 4588 1470 4623 meum
1481 4575 1505 4623 in
1515 4576 1652 4625 uniuersum
1663 4578 1786 4626 bominum
1794 4582 1852 4637 gens

1094 4698 1106 4722 ιι
1120 4678 1243 4749 pietatem,
1255 4680 1287 4729 ob
1299 4680 1351 4729 Caii
1362 4680 1443 4729 binrcii
1454 4681 1576 4729 Censorini
1587 4681 1684 4741 meritc,
1700 4696 1748 4730 une
1759 4694 1810 4729 cum
1819 4678 1853 4725 boc

1095 4798 1106 4821 ιι
1124 4779 1201 4828 edicto
1222 4780 1381 4843 reponendum
1408 4796 1461 4831 esse
1474 4782 1547 4843 jubeo
1565 4782 1590 4830 in
1609 4783 1662 4831 icco
1682 4782 1854 4832 ceiebcrriuur

1095 4902 1107 4925 ιι
1123 4882 1243 4931 communi
1255 4882 1317 4931 nstro
1329 4882 1385 4931 mitri
1396 4887 1494 4944 nncproe
1506 4885 1651 4933 consecrato.
1684 4884 1710 4933 Si
1720 4884 1774 4945 quir
1787 4886 1852 4931 eontra

1095 4998 1107 5022 ιι
1124 4991 1165 5038 αι,
1177 4992 1231 5039 ηοω
1242 4978 1373 5039 editionis,
1385 4980 1479 5039 iecerit,
1489 4994 1535 5029 non
1547 4980 1593 5029 ieri
1603 4978 1756 5029 muictnhitur
1766 4989 1852 5042 ptest·-

1095 5075 1236 5137 inscriptum
1247 5080 1283 5124 est
1294 5076 1410 5126 cuiumoo¹
1425 5079 1448 5125 in
1461 5078 1550 5139 tempto
1563 5077 1673 5127 cuseos.

312 5170 347 5247 γ’.
365 5196 377 5220 ι
390 5181 497 5229 tisim
508 5184 661 5231 noentn'ut
674 5183 814 5231 onerent
834 5182 967 5231 xttenrn.
988 5170 1051 5229 Ἰου·
1125 5174 1148 5223 8.
1168 5196 1179 5216 ιι
1195 5178 1281 5225 Cesso
1296 5188 1406 5223 nonnnro
1423 5188 1637 5225 rurrcosrcrrcrr.
1661 5174 1751 5224 sudreie
1766 5172 1850 5221 ubicun-

274 5286 286 5309 ι
301 5256 382 5328 duint,
400 5254 455 5314 ὅσοι
468 5258 525 5314 ποτ’
546 5248 590 5314 οδν
609 5256 672 5314 εἰσίν
689 5254 714 5313 οἰ
727 5256 761 5314 δι’
780 5256 892 5335 ἀρχαίαν
912 5256 1048 5327 συνήθειαν
1070 5242 1076 5317 ἰ
1096 5284 1108 5305 ιι
1120 5276 1167 5325 qne
1175 5264 1279 5326 gentium
1287 5264 1436 5325 degentibus,
1445 5268 1484 5328 qni
1493 5280 1520 5314 en
1531 5264 1602 5315 reteri
1613 5260 1786 5319 institutosoiiti
1795 5260 1850 5307 erent
