3859 6084
84 476 190 557 (νοω.)

81 608 160 685 μάτων
169 604 203 669 είς
212 626 239 660 τε
249 604 378 681 συγγενεῖς
388 598 433 659 καί
442 597 593 680 ρίλουςτοίις
600 597 696 657 όκείνου
705 594 842 673 γενομένη,

81 695 196 771 ἐμελλησε
218 688 266 768 μὲν
285 688 407 749 κτιννύειν
423 686 465 745 διά
482 690 532 744 τῶν
552 685 585 744 τά
604 688 674 765 δῶρα
689 684 842 763 είληρότων,

81 781 218 853 αἰσθόμενος
230 777 257 835 δὲ
272 774 320 847 τήν
333 772 661 855 ἑπιύουλήνὸἈρτάόανος
674 773 785 853 ἄρυκτον
801 760 842 827 ού-

82 894 132 944 ταν,
145 866 185 925 iri
198 864 228 923 τὸ
241 864 293 923 ὑπὸ
307 866 409 921 πολλῶν
423 863 468 921 καί
482 866 532 921 τῶν
545 860 653 939 πρώτων
671 862 770 939 ἀνδρῶν
784 882 843 916 συν·

60 979 72 1016 ε
82 958 186 1015 τεθεῖσαν
196 950 233 1029 μὴ
244 954 361 1012 αἰνεῖσθαι
371 956 416 1008 τοῦ
427 950 469 1007 ε’πί
478 948 558 1030 πέρας
569 952 662 1019 ἐλθεῖν,
674 948 719 1007 καί
733 946 844 1023 νομίζων

82 1040 119 1099 καὶ
130 1040 219 1099 ὁπόσον
239 1042 311 1118 αὐτῷ
326 1040 444 1117 καθαρῶς
458 1035 633 1109 συνειστήκει,
653 1037 698 1093 καὶ
716 1034 773 1092 τόδε
787 1032 845 1105 ήτοι

82 1126 229 1206 ε’ρθαρμίνον
243 1126 287 1183 ἐπὶ
299 1126 366 1204 δόλῳ
378 1125 424 1195 τήν
434 1122 533 1181 εὔνοιαν
543 1127 751 1204 προσποιεῖσθαι,
761 1120 778 1191 ἣ
789 1143 845 1177 πει-

83 1238 121 1293 ρας
128 1217 193 1293 αὐτῷ
203 1212 343 1291 γενομένης
354 1210 542 1289 μετατάξεσθαι
552 1210 678 1291 πρὸςτοὺς
685 1232 846 1291 προαρεστη·

83 1301 162 1369 κότος,
176 1300 219 1358 ἐπί
233 1304 286 1357 τῶν
305 1298 358 1357 ἄνω
372 1302 537 1379 σατραπειῶν
549 1298 641 1367 ίσωζεν
657 1296 742 1356 αὑτόν,
792 1293 845 1355 Καί

54 1410 73 1448 10
83 1386 170 1457 πολλήν
188 1386 255 1463 μετὰ
271 1392 356 1445 ταῦτα
380 1385 502 1465 στρατιάν
522 1386 641 1467 ἀθροίσας
659 1390 735 1445 Δαῶν
755 1407 782 1442 τε
801 1380 846 1439 καί

84 1475 176 1545 Σακῶν,
196 1476 241 1531 καί
263 1474 417 1551 πολεμήσας
435 1471 493 1539 τοὺς
515 1472 719 1547 ἀνθεστηκότας,
734 1468 846 1547 κατέσχε

83 1562 121 1629 ’.ἠν
136 1560 226 1639 ἀρχήν.

117 1648 143 1707 ε’.
164 1652 187 1706 Τ
189 1652 254 1705 α’ὔτα
271 1646 386 1713 ἀκούσας
396 1650 409 1705 ὁ
418 1646 536 1725 Τιύίριος
547 1646 619 1719 ἠξίου
628 1644 715 1727 φιλίαν
725 1648 796 1723 αὑτῷ
805 1666 846 1721 γε·

84 1732 159 1791 νέσθαι
169 1734 231 1813 πρὸς
240 1734 285 1792 τὸν
297 1733 462 1813 Ἀρτάόανον.
484 1734 560 1795 Ἐπεί
570 1732 597 1793 δὲ
606 1734 722 1797 κάκεῖνος
733 1732 848 1811 προκλη-

58 1840 75 1877 n
86 1818 138 1891 θείς,
155 1820 271 1896 ἀσμένως
295 1820 397 1900 ἐδέχετο
416 1822 459 1880 τδν
475 1822 534 1901 περί
553 1824 637 1879 αὑτοῦ
649 1818 734 1897 λόγον,
745 1819 788 1876 ἐπὶ
804 1817 848 1875 τὸν

86 1906 213 1985 Εύρράτην
225 1912 350 1987 παρῆσαν
366 1906 382 1965 δ
394 1932 421 1966 τε
436 1907 591 1987 ’λρτάόανος
603 1906 647 1965 καί
662 1906 849 1971 ὁΟὸῖτίλλιος·

85 1994 122 2051 καί
128 1994 228 2063 ζεύξεως
236 2004 283 2054 τοῦ
294 2002 413 2072 ποταμοῦ
420 1995 571 2073 γενομένης,
582 1994 649 2055 κατδ
656 1994 685 2053 τὸ
693 1992 849 2070 μεσαίτατον

86 2086 124 2151 τῆς
133 2084 240 2163 γερύρας
253 2084 383 2153 ἀλλήλους
394 2083 549 2155 ὑπηντίαζον
561 2082 628 2162 μετδ
637 2086 752 2165 ρυλακῆς
762 2080 849 2139 ίκάτε-

87 2192 121 2245 ρος
137 2177 181 2243 τῆς
195 2172 255 2253 περί
273 2174 362 2235 αὑτόν.
413 2174 466 2233 Καὶ
481 2172 564 2249 λόγων
578 2172 664 2236 αὐτοῖς
684 2168 851 2247 συμύατικῶν

58 2276 78 2317 tu
87 2260 226 2335 γενομένων,
234 2259 525 2341 Ἥρώδηςὸτεπράρχης
533 2258 661 2318 εἱστίασεν
671 2255 775 2327 αὐτοὺς,
783 2252 850 2313 κατά

87 2346 156 2419 μέσον
169 2348 211 2405 τὸν
225 2350 307 2429 πόρον
324 2348 433 2421 σκηνίδα
447 2346 657 2427 ἐπισκηψάμενος
670 2348 707 2425 τῷ
720 2344 793 2423 πόρῳ
803 2364 851 2401 πο·

87 2434 179 2507 λυτελῆ.
220 2437 275 2496 Καὶ
285 2432 439 2515 Ἀρτάύανος
450 2438 505 2512 μετ’
517 2437 546 2493 οὐ
556 2433 621 2492 πολὺ
632 2429 852 2511 πίμπειΤιόερίω

88 2519 174 2601 ὅμηρον
189 2528 300 2603 Δαρεῖον
320 2524 363 2582 τὸν
382 2522 436 2581 υίὸν
456 2521 523 2599 μετδι
538 2523 641 2581 πολλῶν
658 2520 757 2599 δώρων,
775 2521 802 2577 όν
816 2542 853 2585 ος

88 2608 126 2665 καί
140 2610 215 2691 ἄνδρα
230 2610 386 2689 ἑπτάπηχυν
405 2610 434 2669 rt
453 2609 573 2688 μέγεθος,
596 2608 722 2669 Ἰουδαῖον
736 2606 766 2665 τὸ
781 2604 853 2683 γένος

59 2710 79 2749 ου
89 2692 234 2777 Ἐλεάζαρον
247 2699 346 2775 ὄνομα,
357 2698 383 2765 δς
393 2696 436 2757 διδ
448 2697 478 2757 τὸ
487 2699 592 2775 μέγεθος
603 2694 682 2773 Γίγας
692 2695 852 2753 ἐπεκαλεῖτο.

89 2780 144 2841 Ἐπί
162 2784 258 2854 τούτοις
276 2786 427 2851 Ούῐτίλλισς
440 2784 487 2862 μίν
504 2784 545 2842 ὁπ’
560 2782 714 2861 Ἀντιοχείας
724 2782 778 2860 ψει,
796 2782 854 2861 Ἀρ-

89 2868 187 2939 retineo<
201 2872 227 2932 δί
242 2874 288 2933 ίπλ
300 2878 346 2944 τῆς
356 2872 535 2939 Βαὸυλωνίας.
577 2869 696 2951 Ἡρώδης
707 2870 751 2947 δὲ,
764 2868 853 2947 βουλό·

91 2980 155 3031 μενος
170 2961 201 3019 δι’
215 2966 296 3023 αὑτοῦ
312 2960 416 3043 πρώτου
429 2960 546 3039 γενόσθαι
560 2959 653 3019 πύστιν
669 2958 784 3039 Καίσαρι
802 2962 853 3017 τῶν

91 3048 185 3128 ὁμήρων
203 3056 249 3123 τῆς
268 3050 387 3131 λήψεως,
404 3048 533 3126 ίκπίμπει
552 3046 802 3129 γραμματοφόρους,
821 3046 855 3105 τδι

61 3144 81 3182 ²⁰
91 3133 167 3193 πάντα
178 3138 291 3219 άκριόῶς
301 3138 401 3219 γράψας
412 3140 447 3205 εἰς
456 3134 594 3207 ίπιατολίγν
606 3134 652 3194 καί
660 3134 740 3213 μηδὲν
753 3136 855 3193 ὑπολει-

91 3218 190 3297 πόμενος
203 3226 245 3285 ἐπὶ
266 3225 374 3303 μηνύσει
388 3226 426 3305 τῷ
440 3228 567 3305 ὑπατικῷ.
617 3222 687 3303 Πρὸς
703 3220 856 3283 Οὐϊτελλίου

92 3304 114 3362 δὲ
131 3311 335 3393 ἐπιπεμφθεισῶν
347 3312 497 3383 ἐπιστολῶν,
508 3310 552 3369 καί
563 3315 608 3368 τού
625 3308 757 3390 Καίσαρος
767 3300 857 3381 ἐπίση·

93 3394 208 3466 μήναντσς
227 3398 293 3481 πρὸς
307 3397 382 3457 αύτὸν
394 3401 429 3465 ύις
450 3400 516 3469 δῆλα
531 3400 602 3477 αὐτῷ
619 3396 718 3475 γίνοιτο
733 3394 856 3475 πρότερον

93 3481 175 3540 πύστιν
188 3486 247 3567 περί
265 3488 349 3543 αὐτῶν
364 3483 481 3565 Ἡρώδου
495 3482 698 3567 προτεθεικότος,
720 3482 857 3562 ταραχθείς

63 3576 83 3615 δ’*
96 3569 107 3622 ὑ
121 3570 265 3639 Οδῐτέλλιος
283 3570 415 3650 μεγάλως,
433 3571 478 3630 καλ
496 3572 650 3631 πεπονθέναι
665 3596 692 3629 τι
703 3570 824 3647 μειζόνως
839 3566 857 3640 ή

94 3654 229 3738 ἐπέπρακτο
241 3658 443 3737 ὑπολομόάνων,
456 3660 550 3731 ἄδηλον
563 3659 609 3732 τήν
624 3658 664 3719 ἐπ’
680 3661 765 3725 αὑτοῖς
782 3658 856 3738 ίκρυ·

94 3764 149 3799 πτεν
166 3746 254 3827 ὀργήν,
272 3746 349 3827 μέχρι
364 3744 453 3818 δήκαὶ
471 3748 595 3825 μετῆλθε,
613 3744 693 3807 Γαίου
707 3745 754 3817 τήν
774 3744 857 3827 ἀρχὴν

95 3834 281 3915 παρειληρότος,

130 3918 161 3982 ς’·
182 3922 251 3981 Τότε
266 3919 292 3980 δί
304 3921 348 3979 καί
359 3920 493 3987 Φίλιππος
508 3920 641 4001 (Ἠρώνδου
653 3920 681 3978 δί
693 3912 724 3991 ήυ
738 3918 857 3999 άδελρός)

64 4018 86 4057 ιο
96 4004 310 4089 τελευτᾷτὸνβίον,
323 4012 430 4088 εἰκοστῷ
444 4008 491 4085 μὲν
503 4011 611 4091 ἐνιαυτῷ
625 4012 671 4079 τῆς
683 4007 804 4087 Τιόερίου
815 4010 858 4087 άρ·

95 4093 149 4167 fis,
158 4098 318 4175 ἡγησάμενος
328 4094 355 4153 δδ
367 4097 441 4159 αὑτὸς
453 4095 518 4154 ίπτδι
528 4096 573 4153 καί
583 4096 721 4176 τριάκοντα
733 4100 777 4166 τῆς
784 4098 809 4154 Τ
811 4118 859 4171 ρα-

96 4181 218 4254 Ιγ’ωνίπιδος
232 4184 277 4245 καί
298 4183 480 4248 Γαυλανίτιδος
493 4182 595 4241 καὶτοῦ
611 4182 762 4241 Βαταναίων
777 4182 860 4249 ἔθνους

97 4266 153 4342 πρὸς
171 4273 270 4343 αὐτοῖς,
292 4270 395 4351 μέτριον
415 4270 442 4329 δδ
462 4274 488 4329 ἑν
513 4262 549 4335 οἷς
565 4263 630 4349 ήρχε
651 4274 796 4349 παρασχὼν
816 4292 859 4327 τον

98 4354 183 4429 τρόπον
197 4360 240 4417 καὶ
252 4360 418 4439 ἀπράγμονα.
472 4358 580 4416 Δίαιταν
597 4356 643 4435 μίν
661 4358 711 4437 γὰρ
727 4358 756 4415 τό
768 4366 819 4414 πᾶν
834 4360 859 4415 ἐν

66 4450 87 4489 *θ
99 4442 125 4515 τῇ
136 4448 166 4520 τῇ
180 4450 211 4525 τῇ
225 4451 345 4505 ὑποτελεῖ
358 4449 480 4505 ἐποιεῖτο·
494 4444 598 4525 πρόοδοι
611 4447 632 4503 δ’
648 4436 714 4515 ήσαν
729 4446 799 4522 αὐτῷ
814 4444 859 4501 σὺν

99 4526 183 4603 ὀλίγοις
193 4538 243 4592 τῶν
253 4532 406 4607 ίπιλίκτων,
418 4532 463 4592 καί
473 4536 517 4590 τοῦ
527 4530 615 4612 θρόνου
628 4534 662 4597 εἰς
672 4530 698 4589 δν
711 4532 803 4610 κρίνειε
813 4554 859 4589 κα·

99 4615 216 4691 θιζθμενος
226 4624 252 4680 ἐν
265 4630 321 4687 ταῖς
335 4622 401 4687 ὁδοῖς
413 4618 551 4696 ἑπομένου,
563 4618 640 4677 ὁπότε
654 4643 691 4685 τις
701 4618 862 4685 ὑπαντιάσας

101 4700 123 4753 ἓν
135 4707 205 4787 χρεία
218 4706 315 4786 γένοιτο
333 4709 403 4789 αὐτῷ
415 4706 569 4777 ἐπιόοηθεῖν,
583 4705 655 4775 οὐδὲν
674 4708 708 4772 είς
722 4704 862 4775 ἀναόολδς,

101 4785 152 4844 ἀλλ’
164 4793 191 4850 ἐκ
200 4802 242 4853 τοῦ
252 4794 319 4863 tite<
328 4794 449 4875 ἱδρύσεως
462 4798 506 4851 τοῦ
517 4792 606 4872 θρόνου
622 4784 693 4871 finni
702 4792 776 4871 τύχοι
788 4814 861 4870 γενο-

69 4880 91 4920 ⁵⁰
102 4872 185 4952 niune,
200 4882 361 4959 καθιξόμενος
377 4885 501 4961 ἠκροᾶτο,
510 4879 556 4937 καὶ
568 4870 693 4959 τιμωρίας
709 4903 737 4937 τε
752 4878 861 4954 ἐπετίμα

101 4967 148 5027 ῖθῖς
160 4965 245 5026 ἁλοῦσι
262 4969 307 5027 καί
319 4968 390 5050 ἠρίει
410 4967 468 5035 τοὺς
481 4966 574 5035 τ’δίκιος
589 4970 616 5025 ἓν
631 4966 778 5045 ἐγκλήμασι
791 4988 863 5044 γενο-

104 5045 193 5117 bisone,
233 5057 349 5136 Τελευτᾷ
364 5054 385 5113 δ’
398 5058 424 5112 ἐν
438 5054 575 5126 Ἰουλιάδι,
587 5053 632 5111 καί
641 5056 719 5111 αὐτοῦ
728 5052 863 5128 κομισθέν·

102 5152 139 5197 itt
150 5138 189 5197 ἰπλ
201 5142 229 5200 τὸ
243 5148 378 5221 μνημεῖον,
388 5143 402 5202 ὁ
413 5143 451 5201 ἔτι
462 5142 585 5223 πρότερον
597 5140 762 5221 ᾠκοδόμησεν
776 5141 864 5215 αύτὸς,

104 5224 174 5299 wisi
186 5228 297 5307 γίνονται
308 5232 463 5297 πολυτελεῖς.
503 5230 559 5301 Τὴν
571 5232 593 5288 δ’
608 5228 690 5309 ἀρχὴν
703 5232 741 5305 (nu
752 5230 801 5309 γδιρ
815 5252 863 5287 κα·

544 468 669 539 οντιο.
691 465 773 525 νυνι.
798 460 863 521 eru.
887 460 989 518 Ιινιιι.
1011 460 1094 519 σοι.
1120 458 1169 517 ιν.

1434 455 1561 538 [εοεαε]
1602 468 1657 559 τοι

887 610 926 645 cns
944 597 1074 659 mittendo,
1090 598 1218 661 perimeret
1236 608 1281 657 ομε
1296 595 1391 644 ittorurn
1405 596 1446 658 qui
1459 572 1559 645 munere
1569 608 1665 659 εσεερε·

888 702 957 747 rent:
975 696 1015 747 itte
1031 710 1087 746 rere
1104 710 1180 759 quum
1192 696 1370 757 intelligeretis
1386 696 1485 745 insidias
1502 696 1606 757 effugere
1618 709 1667 745 nnn

888 808 970 858 posse,
987 794 1052 857 qrrnd
1065 798 1218 844 nenesseeret
1236 798 1264 843 ut
1274 806 1353 856 queen
1365 793 1448 843 muitie
1458 794 1565 857 virisque
1580 793 1668 857 priuis·

888 892 928 941 riis
941 892 1009 941 nere
1018 896 1100 941 essent
1109 906 1139 941 ex
1152 892 1247 941 iiinrurn
1265 892 1384 941 sententis
1400 890 1571 952 succederent,
1582 904 1669 955 quum·

889 998 936 1049 que
947 974 1074 1035 numerum
1085 986 1154 1035 iniret
1160 1000 1245 1037 eorum
1252 986 1294 1049 qut
1304 986 1351 1035 sibi
1360 986 1483 1035 adherere
1490 986 1666 1049 profiterentur,

825 1120 831 1141 ,
889 1086 913 1130 et
930 1080 1047 1141 engitsret
1057 1080 1128 1128 etiem
1145 1080 1272 1142 pterosque
1287 1092 1316 1129 ox
1335 1078 1383 1129 iilis
1394 1080 1534 1141 iereitinne
1545 1084 1671 1142 cernuntur

889 1178 973 1228 dolose
988 1178 1102 1227 simuisre
1120 1178 1322 1238 benevolentiam,
1341 1183 1383 1228 eut
1398 1178 1420 1227 si
1437 1180 1570 1241 perieulum
1586 1194 1671 1231 serum

891 1276 979 1324 teneret
989 1274 1020 1322 αθ
1034 1274 1129 1336 eosqui
1141 1274 1208 1335 prins
1220 1272 1369 1323 desciverunt
1379 1274 1522 1324 transituros
1531 1288 1598 1336 esse,
1607 1276 1672 1325 iurn-

892 1370 965 1419 tumis
977 1370 1055 1417 eresit
1066 1369 1096 1419 ed
1112 1370 1247 1433 superiores
1261 1372 1385 1430 οαῑτεμιοε.
1418 1374 1453 1419 ee
1464 1372 1546 1433 pestes
1556 1384 1587 1420 ex
1598 1370 1673 1421 benis

891 1468 915 1514 et
926 1465 994 1513 sucis
1006 1478 1093 1525 magno
1105 1468 1187 1513 οοαεεο
1201 1464 1322 1523 exercitu,
1333 1466 1358 1513 et
1367 1462 1492 1513 debettstis
1502 1464 1617 1527 inimicis,
1629 1466 1673 1515 iin-

894 1560 987 1623 perium
996 1558 1137 1622 neeupebst.

924 1664 947 1707 t.
964 1656 1021 1705 letis
1030 1654 1119 1703 ruditis
1128 1654 1238 1703 Tiberius
1247 1654 1319 1715 iussit
1330 1655 1358 1702 ut
1370 1652 1505 1703 Arisbenus
1515 1654 1561 1703 sibi
1568 1655 1674 1705 amicitie

892 1758 1068 1819 adjungeretur.
1107 1758 1237 1819 Postquam
1253 1760 1334 1804 ουιεω
1353 1754 1394 1806 itte
1410 1755 1528 1805 inritetns
1538 1770 1674 1807 sermonem

893 1864 923 1913 de
935 1878 961 1914 se
971 1864 1079 1913 bebitunr
1087 1864 1198 1913 lubenter
1206 1862 1310 1925 recepit,
1317 1862 1348 1910 ed
1356 1862 1502 1925 Euphratem
1512 1867 1676 1915 convenerunt

894 1979 935 2015 rex
953 1968 979 2015 et
993 1965 1117 2026 vitellius3
1125 1965 1258 2028 senesque
1271 1964 1345 2013 tiurin
1356 1964 1381 2012 in
1398 1964 1478 2013 medin
1489 1970 1563 2028 pente
1576 1965 1674 2016 ebrium

895 2068 1257 2131 interseisetisuut,eumsuts
1266 2060 1366 2129 uterque
1374 2067 1526 2117 snteiiitibus.
1559 2072 1676 2132 thrrurn

895 2169 925 2221 de
945 2170 1034 2223 indere
1054 2170 1219 2229 murenisset,
1237 2169 1344 2219 tientes
1363 2166 1486 2219 tetrsrcbn
1502 2170 1616 2220 neustrie
1635 2185 1678 2221 eus

895 2274 1004 2337 excepit,
1019 2274 1044 2323 ln
1055 2274 1135 2323 medie
1146 2272 1187 2324 ubi
1197 2274 1338 2323 bensiretur
1349 2273 1441 2335 nunriis
1449 2274 1588 2336 sumptibus
1596 2282 1677 2325 erecte

896 2378 1007 2427 tentorio.
1041 2380 1126 2427 iitnon
1134 2376 1488 2440 muitopuetertubenusmisit
1496 2378 1592 2428 Tiberin
1601 2378 1677 2428 titium

896 2480 996 2530 Durium
1005 2480 1113 2529 obsidem
1122 2492 1179 2529 euru
1190 2480 1273 2531 multis
1280 2479 1420 2530 muneribus
1429 2494 1436 2528 z
1444 2481 1469 2529 in
1481 2480 1571 2542 quibus
1581 2481 1678 2532 vireret

897 2586 988 2647 septem
997 2582 1134 2633 cubitorum
1150 2583 1303 2647 proceritate,
1319 2596 1404 2644 genere
1415 2582 1529 2643 iudeus,
1548 2583 1678 2633 Eiemrue

897 2684 1008 2747 nornine,
1020 2684 1063 2749 qui
1078 2698 1109 2735 ex
1120 2685 1283 2747 mestitudine
1293 2686 1366 2747 Gigas
1375 2685 1554 2747 segnemtustus
1563 2687 1609 2735 est.
1620 2688 1679 2737 Post

898 2786 951 2835 use
965 2786 1077 2836 νιιειιιιι
1092 2768 1242 2835 inmunis
1258 2798 1369 2837 memus
1380 2790 1431 2849 εει,
1448 2785 1583 2837 emnam
1594 2786 1619 2835 τι
1633 2789 1680 2837 οε

899 2888 1028 2951 byinuiern.
1067 2888 1173 2939 nerones
1183 2888 1280 2946 sutenr,
1291 2888 1374 2937 veiens
1383 2889 1472 2951 μείρεο
1481 2889 1574 2951 primus
1587 2891 1678 2941 caseri

899 2995 1022 3045 nunciaret
1038 2993 1068 3045 de
1085 2993 1220 3057 impetretis
1230 2994 1370 3055 obsidibus,
1383 2994 1518 3045 ιελνεθατίοε
1534 2996 1610 3047 mittit
1622 3010 1679 3047 σοον

899 3096 989 3161 literis,
1006 3096 1131 3161 inquibus
1146 3097 1239 3159 singule
1254 3102 1364 3166 ineunte
1380 3098 1564 3163 ρεεεετὶμεεεεε,
1576 3099 1637 3149 εδει)
1652 3105 1680 3150 ut

900 3200 959 3251 nihii
976 3200 1059 3263 reliqui
1070 3201 1135 3250 esset
1145 3198 1211 3263 qued
1226 3198 1372 3262 eignffiwet
1382 3200 1485 3263 tegetes.
1518 3205 1575 3260 Qun
1588 3203 1681 3251 iecturn

900 3308 937 3355 est
947 3306 989 3365 ut,
999 3316 1076 3367 quum
1087 3302 1126 3353 bie
1142 3302 1193 3367 ipse
1207 3302 1279 3351 etiem
1290 3301 1395 3351 misisset
1405 3301 1501 3365 litem,
1513 3302 1584 3367 εἰηιισ
1594 3305 1680 3355 reseri-

901 3406 1229 3471 psseetcuusseomnis,
1243 3411 1271 3455 nt
1282 3405 1324 3469 qut
1339 3418 1369 3455 es
1384 3406 1520 3457 Ηετοόεσε
1538 3407 1682 3470 prinninas·

900 3510 1015 3569 divinent,
1023 3507 1072 3569 iun
1081 3512 1137 3557 ente
1147 3508 1286 3570 rescivisse,
1296 3507 1408 3558 vitellius
1416 3508 1572 3560 venementer
1585 3514 1683 3574 pertur-

901 3612 985 3675 batus,
996 3614 1110 3673 ratusque
1124 3624 1150 3661 se
1163 3611 1297 3673 graviorem
1312 3624 1387 3675 quern
1402 3624 1428 3660 re
1439 3624 1497 3661 vern
1513 3615 1566 3661 eret
1582 3626 1681 3675 ροειυαι

901 3738 955 3775 esse
967 3724 1091 3786 injurium,
1101 3724 1161 3773 irem
1172 3722 1286 3773 ίοεοίιιιο
1296 3722 1414 3771 οσσιιλιωπ
1425 3727 1532 3785 gereret,
1546 3725 1681 3787 οεηιισσυοι

904 3830 1032 3881 vindictum
1043 3832 1163 3891 νοονεεει,
1174 3829 1233 3879 θεία
1244 3827 1371 3891 imperium
1380 3828 1476 3891 edente.

933 3941 957 3984 ε.
975 3936 1044 3982 Tune
1056 3933 1128 3982 etiem
1139 3932 1277 3996 Phiiippus,
1292 3933 1336 3995 qui
1352 3932 1454 3983 Heredis
1465 3935 1539 3985 trster
1549 3940 1614 3999 eret,
1632 3938 1682 3987 rib

903 4035 1020 4097 denessit,
1032 4034 1201 4097 uniusquidem
1213 4033 1300 4084 Tiberii
1311 4034 1461 4097 principatus
1474 4035 1602 4098 vigesimo,
1615 4040 1682 4100 pnet-

903 4153 975 4202 qusm
988 4139 1105 4200 verninse
1114 4138 1240 4201 praeirserst
1251 4136 1412 4187 Tresbenitidi
1421 4140 1447 4186 et
1456 4138 1601 4189 Guuienitidi
1610 4144 1683 4204 etque

833 4270 838 4287 ι
903 4241 975 4291 etiarn
985 4244 1115 4298 Βεεαοεεοι,
1124 4252 1187 4287 αοοο
1198 4238 1319 4299 trigesimo
1328 4243 1445 4301 septimo,
1456 4238 1494 4287 rir
1502 4244 1588 4303 suapte
1597 4245 1684 4293 nature

905 4342 1107 4402 moderetusergn
1123 4339 1246 4401 subditus,
1263 4339 1385 4403 quietique
1400 4340 1502 4403 ingenii,
1518 4354 1574 4391 nem
1583 4357 1683 4395 omnem

904 4444 978 4493 vitum
988 4444 1013 4492 in
1022 4442 1165 4492 suediiinne
1174 4441 1266 4503 egenre
1297 4444 1398 4501 Quoties
1412 4448 1493 4493 entem
1505 4446 1579 4496 domn
1589 4461 1683 4512 pregre-

905 4544 1073 4604 der·etur,euin
1081 4542 1269 4606 peueisdeientie
1277 4542 1522 4607 incedebet,ntquein
1532 4546 1684 4599 solieseriens

907 4648 970 4697 unde
979 4648 1019 4708 jus
1030 4646 1133 4704 diceret,
1142 4645 1208 4707 quod
1223 4646 1282 4695 nun
1293 4645 1340 4695 iter
1348 4645 1436 4695 [neerei
1451 4645 1649 4711 subsequebatur,
1662 4652 1683 4699 si

906 4746 961 4809 quis
972 4744 1068 4794 obviem
1078 4744 1155 4792 iaetus
1165 4744 1216 4804 eius
1229 4754 1275 4804 ope
1282 4747 1308 4794 et
1318 4744 1408 4793 sunnio
1419 4747 1511 4807 egeret,
1521 4746 1573 4795 sine
1584 4752 1685 4800 nmrset

907 4843 1018 4892 ditatione
1029 4854 1077 4904 qus
1085 4854 1199 4890 occursus
1211 4846 1261 4889 erut
1270 4840 1349 4903 posito
1360 4840 1528 4901 tinr0n0,inee
1536 4843 1623 4893 sedens
1631 4857 1683 4894 neu·

907 4953 957 4989 sein
976 4918 1144 4999 segnescebat,
1163 4942 1187 4987 et
1204 4942 1285 4987 sontes
1299 4938 1377 4999 poenis
1397 4939 1530 5001 sitieiebat,
1547 4944 1573 4989 et
1594 4942 1684 5006 iniquis

907 5037 1046 5086 criminibus
1056 5037 1159 5085 irretitos
1171 5034 1287 5085 solvebat.
1319 5037 1390 5086 Diem
1401 5038 1598 5103 ubit-supremum
1607 5040 1632 5089 ln
1641 5044 1684 5091 tu-

908 5135 985 5197 iinde,
997 5140 1069 5197 etque
1084 5132 1164 5181 iitstus
1181 5132 1207 5181 in
1225 5138 1420 5194 munumentum,
1436 5136 1500 5197 quod
1510 5137 1559 5198 iarn
1571 5141 1626 5185 ente
1637 5137 1682 5187 sibi

909 5236 1085 5291 construxerat,
1096 5230 1218 5292 niagntfiee
1230 5230 1337 5292 νομιιθιιε
1351 5234 1395 5281 est
1439 5233 1495 5292 Eius
1505 5238 1586 5283 eutem
1598 5235 1683 5297 prind-
