3859 6084
327 528 380 581 540
439 515 562 595 (ωηο-ιι.)

641 652 729 711 ΚΕΦ.
746 650 790 713 θ’.

370 808 405 872 ‘0
420 812 525 889 Καῖσαρ
540 808 567 869 δέ
581 808 712 881 διοικήσας
733 808 848 869 rixari
865 810 913 882 τὴν
933 810 1030 893 Συρίαν
1044 811 1108 870 ἀπέ·

330 902 450 959 πλευσεν.
492 897 538 963 Ὡς
551 895 579 955 δέ
595 897 719 977 Καίσαρα
734 898 892 979 προπέμψας
907 902 936 959 ἐκ
948 904 995 972 τῆς
1010 899 1108 979 Συρίας

331 986 496 1064 Ἀντίπατρος
518 988 553 1051 είς
570 982 617 1057 τὴν
640 984 767 1045 Ἰουδαίαν
789 985 962 1067 ὑπέστρεψεν,
984 987 1109 1064 ἀνεγείρει

332 1074 380 1151 μὲν
404 1072 476 1139 εὐθὺς
488 1073 519 1131 τὸ
535 1074 620 1151 τεῖχος
634 1073 685 1130 ὑπὸ
699 1072 841 1151 Πομπηίου
857 1073 1050 1155 καθῃρημένον,
1064 1073 1110 1132 καί

304 1180 317 1218 τ
331 1162 374 1221 τὸν
384 1160 452 1219 aurii
462 1160 509 1231 τὴν
520 1159 609 1238 χώραν
626 1159 733 1241 θόρυῦον
748 1160 828 1219 ἐπιών
839 1160 1020 1235 κατέστελλεν,
1036 1164 1109 1219 ἀπει·

331 1253 384 1311 λῶν
397 1272 425 1307 τε
439 1246 495 1324 ἀμα
505 1248 550 1307 καί
560 1247 743 1323 συμῦουλεύων
753 1253 867 1329 ἠρεμεῖν·
880 1249 914 1309 τίκ
924 1249 972 1325 μέν
985 1248 1036 1330 γδρ
1048 1248 1109 1327 Ὑρ-

331 1340 409 1393 κανοῦ
425 1340 578 1415 φρονοῦντας
592 1336 618 1391 u
633 1336 784 1417 εὐδαιμονίῃ
797 1336 890 1403 διάξειν
908 1338 953 1395 καὶ
968 1336 1108 1415 βιώσεσθαι

330 1424 381 1478 τῶν
400 1421 470 1480 ίδίων
484 1420 664 1487 ἀπολαύοντας
675 1422 817 1498 κτημάτων
832 1422 985 1503 ἀταράχως,
1002 1446 1109 1503 προστι-

332 1507 451 1585 θεμένους
465 1508 492 1567 δὲ
507 1512 563 1575 ταῖς
577 1511 608 1568 ta
618 1514 662 1567 τοῦ
673 1509 829 1591 νεωτερίζειν
841 1510 928 1568 ἐλπίσι
942 1511 987 1568 καὶ
999 1514 1052 1576 τοῖς
1064 1509 1109 1567 ἀπ’

294 1612 319 1651 tu
333 1600 418 1654 αὐτῶν
443 1596 547 1677 κέρδεσι
573 1598 781 1677 προσανέχοντας
802 1596 878 1655 αὐτὸν
901 1597 947 1671 μέν
970 1596 1032 1664 έξειν
1053 1598 1109 1655 ἀντὶ

330 1684 476 1763 προστάτου
491 1684 633 1761 δεσπότην,
648 1684 776 1764 Ὑρκανὸν
793 1684 819 1742 δέ
840 1685 897 1743 ἀντί
913 1683 1044 1762 βασιλέως
1062 1684 1108 1741 τό·

332 1794 431 1852 ραννον,
445 1771 592 1847 Ῥωμαίους
612 1770 639 1830 δέ
663 1772 708 1829 καὶ
724 1772 847 1851 Καίσαρα
864 1770 971 1851 πικροὺς
982 1772 1036 1830 ἀνθ’
1049 1775 1109 1849 ipse·

331 1857 415 1936 μόνοιν
429 1858 576 1935 πολεμίους·
591 1862 620 1919 ὠ
639 1859 689 1940 γδιρ
702 1859 834 1927 ἀνέξεσθαι
847 1858 1063 1936 μετακινούμενον
1080 1858 1108 1919 δν

332 1947 404 2007 αὐτοί
415 1946 592 2018 κατέστησαν.
634 1950 727 2007 Ταῦτα
747 1946 829 2025 λέγων
846 1946 956 2005 καθίστα
972 1947 1004 2004 δι’
1017 1950 1109 2005 ἑαυτοῦ

293 2054 318 2093 τε
331 2032 364 2091 'cii
381 2033 449 2092 κατὰ
460 2033 506 2105 rii
523 2032 621 2115 χώραν.

373 2121 407 2200 β’.
430 2114 531 2201 Βραδὺν
542 2121 563 2179 δ’
573 2125 639 2201 ὁρῶν
649 2121 694 2180 καί
703 2125 771 2191 νωθῆ
783 2119 826 2179 τὸν
838 2118 976 2199 Ὑρκανὸν,
992 2118 1108 2189 Φασάη-

331 2210 376 2267 λον
390 2208 436 2285 μὲν
446 2208 490 2265 τδν
499 2208 681 2289 πρεσθθτατοί
694 2210 773 2267 αὐτοῦ
785 2212 836 2283 τών
853 2207 952 2265 παίδων
964 2205 1109 2285 Ἱεροσολθ·

333 2319 389 2372 μων
400 2296 443 2353 καὶ
457 2299 508 2353 τῶν
521 2294 594 2377 πέριξ
604 2294 750 2375 στρατηγὸν
768 2293 948 2364 ἀποδείκνυσι,
959 2298 996 2373 τῷ
1008 2293 1035 2351 δὲ
1054 2292 1110 2370 μετ’

333 2384 410 2442 αὐτὸν
422 2381 529 2462 Ἡρώδῃ
542 2380 588 2454 τὴν
603 2382 749 2441 Γαλιλαίαν
759 2380 899 2461 ἐπέτρεψε,
914 2382 963 2461 νέῳ
975 2381 1111 2438 παντάπα-

782 518 1064 585 λΡΧΛίΟλΟΓίδΣ
1086 520 1180 579 nturi.
1205 524 1251 583 ΙΔ.
1274 526 1366 585 ΚΕΦ.
1387 526 1424 584 θ.

1818 532 1876 611 [οι.ι

1387 661 1471 720 σοι).
1493 662 1545 721 ix.
1568 664 1679 739 (xvii.)

1185 825 1266 874 caesar
1279 832 1358 877 autem
1370 827 1484 877 ordinatis
1498 830 1573 893 syrie
1583 831 1654 881 rebus
1669 846 1712 896 per
1733 847 1805 884 mere
1821 836 1867 885 iia·
1886 861 1893 878 a

1155 923 1278 987 Antipater
1288 939 1362 987 vero,
1373 930 1511 991 postquam,
1523 928 1625 979 deducto
1634 932 1727 995 asyria
1741 936 1852 997 werre,
1860 939 1879 983 ia
1894 949 1897 950 ⁷

1155 1021 1232 1073 imam
1248 1038 1359 1075 reversus
1374 1032 1425 1087 est,
1443 1026 1569 1077 confestim
1582 1028 1701 1091 dejectu
1718 1033 1840 1095 Pompeio
1859 1055 1889 1076 ··v

1155 1126 1243 1187 reiicit,
1262 1131 1288 1176 et
1302 1126 1421 1188 regionem
1440 1127 1540 1189 onnus,
1565 1130 1767 1193 tumuitum,qui
1786 1132 1813 1181 iii
1830 1138 1904 1211 caui¹

1155 1227 1332 1289 compescebat,
1345 1230 1431 1290 partim
1442 1228 1567 1288 minando,
1580 1230 1666 1292 partim
1678 1236 1707 1279 ut
1721 1215 1904 1306 quiescerent&

1155 1327 1255 1377 suieniio
1278 1350 1284 1379 ι
1303 1330 1322 1378 si
1342 1331 1405 1378 enim
1423 1331 1454 1379 ab
1471 1334 1581 1393 tiyiuano
1599 1336 1703 1393 starent,
1720 1334 1775 1382 tore
1796 1340 1823 1382 ut
1842 1335 1904 1384 tetidi

1155 1428 1251 1491 degant,
1263 1430 1361 1491 suisque
1371 1430 1439 1478 boun
1452 1430 1543 1493 absque
1554 1431 1625 1479 turba
1640 1432 1750 1481 fruentes
1761 1434 1837 1482 vitam
1849 1439 1903 1496 agat

1156 1528 1285 1577 sinicium
1303 1543 1418 1578 uoiurniu
1435 1545 1477 1593 spe
1496 1530 1647 1593 ducerentur,
1663 1536 1690 1583 et
1706 1534 1741 1582 ab
1763 1535 1801 1583 iiis
1820 1498 1905 1688 μεσίτῃ

1155 1632 1309 1690 οευίετευίιιτ,
1321 1630 1400 1691 ipsum
1414 1630 1537 1680 habituros
1548 1646 1591 1694 pro
1601 1632 1715 1694 prefecto
1723 1633 1864 1696 dominum,
1873 1638 1896 1696 u,

1155 1742 1242 1778 cauum
1255 1732 1336 1779 autem
1346 1744 1389 1793 pro
1401 1744 1455 1793 rega
1467 1737 1607 1795 tyrannum,
1618 1736 1744 1785 Romanos
1754 1750 1815 1785 τετυ
1825 1744 1850 1786 et
1858 1711 1905 1785 cas

1155 1841 1206 1876 τετυ
1216 1830 1373 1890 productius
1386 1832 1466 1883 hostes
1478 1834 1595 1897 acerbos;
1609 1848 1658 1884 nou
1673 1836 1741 1885 euim
1752 1850 1864 1899 muros
1904 1803 1906 1824 Ι

1155 1930 1311 1989 summoueri,
1321 1944 1392 1993 quem
1402 1933 1582 1983 constituissent
1589 1934 1644 1996 ipsi.
1660 1938 1747 1992 Quum
1757 1938 1813 1985 timo
1823 1828 1906 2006 tiit]

1155 2028 1185 2077 ad
1202 2042 1240 2078 res
1249 2032 1350 2093 regionis
1363 2033 1505 2083 ordinandos
1515 2035 1695 2097 scamiugebit.

1187 2138 1209 2180 2.
1225 2134 1403 2183 Vidcusautem
1419 2112 1555 2199 Hyrcanum
1569 2138 1662 2188 tardum
1680 2146 1819 2203 esseatque
1830 2111 1907 2203 εεςυιά

1157 2223 1296 2272 Pliasaetum
1321 2227 1424 2276 titinium
1444 2242 1542 2278 suorum
1559 2235 1617 2278 natu
1638 2231 1773 2280 marimum
1795 2203 1907 2293 nuntianti

1156 2316 1205 2373 agri
1220 2319 1356 2378 piaeiecnnu
1366 2320 1503 2373 constituit,
1513 2322 1600 2372 ilerodi
1609 2323 1727 2384 ieio,qui
1742 2323 1813 2373 ittuiu
1824 2311 1906 2371 eunii

1156 2410 1282 2471 quclmtnr,
1292 2412 1413 2461 Gatiteaui
1423 2414 1551 2475 commisit,
1559 2398 1633 2475 quum
1640 2418 1705 2465 esset
1714 2417 1817 2465 omnim
1824 2415 1908 2477 juirnis‘

292 2492 320 2533 tn
333 2492 373 2529 σιν
384 2470 445 2529 όντι·
460 2469 537 2528 πέντε
550 2470 596 2527 καὶ
608 2469 689 2528 εἴκοσι
700 2469 752 2548 γάρ
763 2471 833 2549 αὐτῷ
848 2468 958 2547 ἐγεγόνει
976 2468 1042 2542 μόνα
1053 2467 1108 2537 ἔτη.

332 2558 448 2617 titinio
468 2557 496 2616 δὲ
509 2557 581 2615 οῦδὲν
599 2556 675 2615 αὐτὸν
688 2561 706 2627 ἡ
720 2556 821 2627 νεότης,
838 2556 897 2614 ἀλλ’
910 2554 945 2613 ὢν
962 2562 999 2636 τῷ
1013 2556 1109 2635 φρονή-

332 2668 396 2722 ματι
409 2654 524 2724 γενναῖος
536 2650 551 2703 θ
572 2644 673 2712 νεανίας
689 2643 809 2725 ἀφορμὴν
823 2643 933 2723 εὑρίσκει
946 2648 1111 2723 παρηχρῆμα

1157 2516 1211 2551 ninii
1227 2506 1333 2566 quinque
1344 2510 1436 2554 tantuin
1448 2511 1472 2555 ct
1483 2505 1565 2568 uiginti
1574 2521 1649 2557 anuos
1662 2514 1735 2556 uatus
1745 2516 1808 2557 erat.
1848 2514 1866 2557 ί·

1157 2596 1178 2643 ei
1188 2595 1298 2656 iuventtis
1309 2601 1367 2645 rutis
1383 2597 1441 2645 nuni
1456 2603 1493 2648 cst
1506 2599 1638 2661 quidquam
1649 2601 1812 2663 incommodi,
1827 2603 1908 2664 seiqiii

1157 2689 1221 2735 uiam
1232 2689 1305 2737 animi
1316 2690 1424 2750 generosi
1440 2696 1492 2739 erat
1502 2689 1654 2752 adolescens,
1670 2694 1755 2741 statim
1764 2694 1857 2742 inerint
1869 2708 1881 2741 e

1157 2781 1239 2830 σαυνία
1252 2794 1303 2830 suae
1322 2782 1418 2832 uirtutis
1435 2782 1591 2832 occasionem.
1609 2787 1691 2841 Quum
1711 2786 1778 2834 enini
1797 2706 1909 2850 offerti]

1158 2874 1284 2923 Ezechiam
1301 2874 1418 2923 titionum
1433 2874 1520 2923 ducem
1538 2887 1623 2936 magua
1644 2888 1717 2925 manu
1739 2876 1844 2925 finitima
1862 2878 1909 2937 sui

1159 2965 1332 3024 incursantem,
1346 2964 1414 3013 itiuui
1425 2970 1509 3014 nactus
1522 2965 1634 3016 interficit
1645 2970 1670 3016 et
1685 2969 1777 3016 inuitos
1793 2968 1847 3029 rjus
1858 2980 1910 3046 grrp

1159 3058 1316 3108 testationes.
1348 3062 1429 3120 ipsum
1443 3064 1524 3107 autem
1539 3057 1571 3107 ob
1586 3059 1632 3108 tioe
1649 3059 1842 3122 iicimismagao

1159 3154 1296 3214 prosequuti
1306 3156 1362 3200 suut
1371 3152 1422 3213 Syri
1433 3165 1439 3195 ι
1452 3164 1507 3200 num
1519 3152 1760 3215 tegumin‚uuana
1772 3057 1910 3216 ίείτοτίίιίῃ

1159 3245 1233 3293 bereri
1248 3244 1419 3301 desiderabunt,
1441 3245 1559 3307 purgavit.
1591 3248 1673 3306 itaque
1687 3258 1746 3293 euin
1763 3246 1825 3293 Ιιευε
1837 3223 1910 3293 ouri

1157 3348 1208 3381 suin
1222 3336 1309 3395 passini
1322 3349 1363 3397 pei
1375 3334 1446 3383 urbes
1458 3337 1570 3397 vicosque
1581 3334 1756 3397 prmdicabaut,
1766 3342 1795 3385 ut
1804 3339 1844 3398 qui
1854 3346 1910 3398 paen

1159 3426 1216 3488 ipsis
1225 3426 1463 3490 uedciii,teciiitqne
1472 3432 1500 3475 ut
1511 3426 1637 3477 bouissuis
1645 3431 1699 3477 tuto
1707 3429 1852 3494 tiurrrntur.
1880 3432 1909 3484 οι

1159 3513 1230 3563 fiebat
1242 3518 1270 3561 ut
1283 3514 1354 3563 ctiam
1370 3518 1443 3564 Scito
1455 3514 1545 3564 casiri
1554 3516 1725 3578 innotesceret,
1742 3524 1845 3576 cognatu
1859 3528 1909 3566 nuri

1159 3603 1274 3663 cusoria,
1289 3606 1314 3651 et
1328 3603 1401 3663 syrim
1411 3616 1449 3651 rcs
1461 3604 1606 3665 procuranti.
1648 3606 1683 3653 Ei
1696 3604 1734 3653 tiis
1747 3611 1828 3653 autern
1837 3602 1910 3651 umen

333 2737 368 2801 εἰς
387 2733 507 2803 ἐπίδειξιν
531 2738 577 2805 τῆς
599 2736 700 2812 ἀρετῆς.
746 2730 975 2811 Καταλαόώνγδιρ
990 2731 1110 2799 Ἐζεκίαν

332 2822 375 2879 τὸν
393 2819 554 2901 ἀρχιλῃστὴν
567 2819 601 2879 ii
614 2825 731 2901 προσεχῆ
746 2825 792 2892 τῆς
806 2820 902 2898 Συρίας
917 2819 1110 2898 κατατρέχοντα

293 2930 320 2969 τε
335 2907 380 2967 σὺν
387 2910 493 2990 μεγάλῳ
498 2907 591 2990 στίφει,
596 2913 685 2967 τοῦτον
695 2906 835 2987 κατασχὼν
843 2907 936 2966 κτείνει
947 2908 992 2965 καὶ
1002 2905 1112 2972 πολλοὺς

334 3000 384 3054 τῶν
408 2996 453 3055 σῦν
476 3000 546 3077 αὐτῷ
565 2999 676 3075 λῃστῶν.
718 2996 825 3076 Σφόδρα
845 2996 867 3053 δ’
886 2998 965 3053 αὐτοῦ
988 2994 1018 3052 τὸ
1037 2993 1111 3074 ἔργον

334 3090 409 3143 τοῦτο
428 3084 570 3162 ἠγάπησαν
584 3088 608 3143 oi
629 3084 718 3164 Σύροι·
732 3088 838 3142 ποθοῦσι
853 3082 902 3163 γδιρ
918 3084 1004 3148 αὐτοῖς
1026 3084 1111 3153 ἀπηλ-

335 3172 431 3252 λάχθαι
441 3180 486 3233 τοῦ
495 3173 636 3254 λῃστηρίου
643 3172 689 3246 την
702 3173 790 3253 χώραν
802 3174 982 3253 ἐκαθάρευσεν,
993 3171 1111 3248 Ὕμνουν

281 3296 287 3324 ι
333 3266 393 3339 γοῦν
409 3262 486 3320 αὐτὸν
500 3261 545 3319 ἐπί
562 3262 645 3341 τούτῳ
664 3261 732 3319 κατὰ
746 3258 836 3337 κώμας
852 3260 897 3318 καί
908 3259 1013 3333 πόλεις,
1026 3264 1060 3325 ὡς
1076 3262 1112 3316 εἰ·

294 3374 321 3414 το
334 3348 412 3428 μήνην
425 3350 511 3415 αὐτοῖς
523 3348 709 3429 παρεσχηκότα
727 3348 773 3407 καί
789 3350 893 3429 ἀσφαλῆ
907 3350 958 3404 τῶν
970 3346 1112 3421 κτημάτων

334 3440 488 3499 ἀπόλαυσιν.
534 3437 656 3515 Ἐγένετο
671 3436 697 3494 δέ
719 3436 762 3495 διδ
780 3442 857 3495 τοῦτο
874 3436 919 3493 καὶ
938 3434 1027 3515 Σέξτῳ
1045 3436 1113 3494 Καί-

333 3548 394 3603 σαρι
408 3523 550 3604 γνώριμος,
571 3524 626 3582 ὄντι
644 3525 761 3602 συγγενεῖ
778 3530 823 3582 τοῦ
845 3522 959 3599 μεγάλου
980 3522 1112 3601 Καίσαρος

333 3612 379 3671 καί
387 3611 501 3671 διέποντι
510 3610 557 3683 τὴν
565 3610 674 3690 Συρίαν.
688 3612 772 3683 Ζῆλος
779 3611 800 3669 δ’
813 3610 996 3686 έμπίπτειτῶν
1005 3608 1111 3687 Ἡρώδῃ

332 3699 523 3779 πεπραγμένων
537 3697 678 3776 Φασαήλῳ
692 3702 729 3777 τῷ
741 3699 860 3777 ἀδελφῷ,
873 3696 918 3754 καί
934 3695 997 3772 πρὸς
1010 3696 1057 3764 τὴν
1070 3698 1111 3754 εὐ-

294 3808 320 3847 τε
335 3787 471 3864 δοκίμησιν
492 3788 569 3845 αὐτοῦ
590 3785 701 3855 κινηθείς
720 3784 922 3865 ἐφιλοτιμήσατο
946 3785 983 3860 μὴ
1005 3786 1112 3841 ἀπολει-

1159 3689 1227 3738 tactis
1245 3689 1366 3739 mmuiatio
1384 3695 1440 3739 nuta
1459 3694 1496 3739 est
1519 3691 1634 3741 Pirasieio
1655 3691 1708 3751 ejus
1726 3692 1810 3751 tratri,
1830 3692 1910 3751 admei

1158 3778 1210 3839 ejus
1219 3778 1355 3827 oetebrititc
1367 3782 1446 3826 motus
1455 3782 1505 3839 est,
1516 3782 1543 3826 ut
1551 3778 1670 3827 studuerit
1681 3790 1730 3826 nou
1741 3778 1879 3827 deteriorem
1885 3775 1910 3825 si

334 3878 428 3955 φθῆναι
433 3878 481 3945 τῆς
490 3872 581 3951 ὁμοίας
590 3872 733 3954 εὐφημίας,
744 3872 788 3931 καί
799 3871 857 3939 τοὺς
866 3873 892 3929 ἐν
902 3880 954 3939 τοῖς
966 3871 1111 3951 Ἱεροσολύ·

334 3984 392 4037 μοις
413 3960 596 4027 εὐνουστάτους
618 3963 742 4031 ἐποιεῖτο,
766 3958 798 4016 δι’
816 3962 894 4017 αὑτοῦ
917 3957 964 4035 μέν
979 3958 1047 4037 ἔχων
1064 3957 1111 4029 τὴν

331 4048 419 4121 πόλιν,
439 4048 498 4107 οὔτε
514 4047 537 4107 δ’
552 4048 730 4127 ἀπειροκάλως
747 4054 800 4113 τοῖς
816 4046 954 4128 πράγμασι
968 4046 1113 4126 προσφερό·

334 4160 408 4211 μενος
422 4134 475 4195 οὔτ’
490 4136 628 4215 ίξυῦρίζων
642 4140 678 4203 τίς
689 4132 735 4207 rii
750 4134 875 4204 ίξουσίαν.
927 4134 1009 4194 Ταῦτ’
1030 4134 1112 4192 ’inri-

1159 3879 1241 3927 porare
1258 3865 1357 3925 inuiam,
1377 3869 1402 3913 ot
1417 3864 1610 3927 tiierosoiymitas
1633 3864 1678 3913 sibi
1694 3864 1806 3914 τειίιίετει
1820 3864 1910 3913 amicas

1160 3966 1224 4010 inus,
1238 3953 1320 4001 urbeiu
1333 3950 1430 4013 quidem
1443 3964 1485 4013 per
1498 3964 1525 4000 se
1538 3950 1654 4013 reguardo,
1666 3952 1714 4007 sod,
1728 3953 1764 4001 ita
1774 3956 1854 4001 uine
1867 3951 1910 4000 iuti

1158 4044 1225 4089 neate
1235 4039 1307 4088 rebus
1325 4042 1438 4097 uteretur,
1456 4051 1533 4101 neque
1547 4042 1666 4098 potestate
1677 4038 1709 4087 au
1720 4040 1859 4099 cuiusquam
1870 4040 1910 4099 iuji

1158 4127 1217 4175 riam
1237 4127 1380 4175 obniteretur.
1421 4126 1465 4175 itis
1484 4126 1556 4175 rebus
1573 4126 1721 4175 efficiebatur
1743 4132 1770 4176 ut
1785 4128 1901 4187 Antipater

1158 4220 1228 4276 gente
1239 4228 1304 4263 more
1316 4212 1378 4275 regio
1394 4213 1520 4269 coleretur,
1530 4217 1554 4263 et
1561 4213 1691 4262 honoribus
1695 4247 1704 4273 ,
1721 4215 1764 4277 qui
1774 4214 1845 4262 uitiui
1856 4214 1910 4259 sutri

293 4246 321 4285 tu
334 4247 432 4305 πατρον
453 4225 534 4283 ἐποίει
556 4224 693 4305 θεραπείας
714 4222 787 4301 παρίι
806 4227 852 4281 τοῦ
872 4220 957 4289 ἔθνους
974 4222 1111 4301 τυγχάνειν

335 4314 471 4391 βασιλικῆς
488 4312 534 4371 καί
548 4316 631 4389 τιμῶν
654 4311 715 4371 οἵων
734 4308 765 4369 rii
783 4333 822 4377 τις
840 4308 1041 4387 μεταλαμῦάνοι
1059 4313 1111 4367 τιῦν

275 4410 279 4442 '⁸
333 4397 400 4458 ὅλων
412 4396 448 4458 ών
463 4399 596 4470 δεσπότης·
609 4398 660 4457 ὑπὸ
674 4397 761 4474 μέντοι
775 4400 820 4467 τἠς
834 4400 863 4455 ἐκ
877 4394 974 4455 τούτων
989 4397 1112 4475 λαμπρά·

333 4510 418 4558 τητος,
436 4478 478 4546 οἶα
494 4488 563 4569 φιλεῖ
577 4484 728 4563 συμῦαίνειν
744 4484 884 4555 πολλάκις,
899 4484 972 4543 οῦδὲν
990 4490 1036 4555 τῆς
1049 4485 1112 4565 πρὸς

333 4572 462 4655 Ὑρκανόν
483 4574 580 4640 εὐνοίας
593 4572 637 4631 καί
653 4572 765 4638 πίστεως
781 4571 893 4652 παρέῦη.

293 4672 322 4727 t't
367 4663 409 4741 γ’.
431 4664 465 4722 Oi
478 4664 500 4721 δ’
516 4665 541 4721 έν
556 4662 624 4720 τέλει
635 4665 686 4719 τῶν
697 4659 833 4721 Ἰουδαίων
847 4664 954 4738 δρῶντες
969 4657 1011 4716 τὸν
1034 4658 1112 4717 Ἀκτί-

334 4774 432 4832 πατρον
444 4750 488 4809 καί
498 4749 556 4817 τοὺς
564 4746 635 4816 υίοίις
648 4752 726 4807 αὐτοῦ
740 4748 859 4825 μεγάλως
873 4746 1060 4822 αὐξανομένους
1069 4748 1111 4804 εὐ·

333 4838 391 4918 νοίορ
402 4860 429 4896 τε
443 4842 475 4916 τῇ
486 4838 558 4917 παρὰ
567 4844 610 4895 τοῦ
624 4836 708 4902 ἔθνους
717 4835 762 4893 καί
772 4834 891 4915 προσόδῳ
901 4839 933 4913 τῇ
943 4858 971 4891 τε
983 4834 1111 4940 παράγτῆς

334 4924 462 4991 Ἰουδαίας
474 4924 577 4983 καὶτῶν
590 4924 623 4985 ‘i'
639 4930 736 4982 κανοῦ·
784 4922 873 4999 μάτων
896 4945 961 4981 κακο
972 4922 1031 4988 ’θοις
1042 4944 1071 4979 ει·
1084 4945 1111 4979 ον
1190 4980 1196 4991 ,
1248 4981 1253 4991 ,
1357 4978 1363 4989 ,
1536 4975 1543 4987 ,
1585 4974 1590 4985 ,
1730 4973 1735 4982 ,

264 5058 270 5071 .
301 5024 306 5031 “
334 5012 398 5093 erpi<
411 5012 496 5071 αὐτόν,
509 4945 1110 5092 νΚαίγδιρρφιλίανᾸίλθτίπατόοςἦνώεπυιηάέ·
1157 4982 1263 5097 ΜΨ·
1294 4982 1389 5095 ΜΨ]
1398 4975 1671 5095 ωἀυῗωιωὴωθηί
1684 4969 1910 5089 Ᾰῃῑῖμωγωψ

296 5125 323 5163 ,ῃ
333 5124 375 5166 ,ος
386 5099 449 5180 πρὸς
460 5100 518 5166 wig
540 5099 680 5176 Ῥωμαίω,
702 5098 906 5179 αὐτοκράτορας,
926 5096 971 5156 καὶ
985 5096 1110 5175 χρήματα
1158 5086 1234 5136 mauis
1244 5085 1439 5148 imperatoribus,
1452 5088 1478 5133 ct
1486 5080 1590 5145 impulso
1604 5079 1636 5129 eu
1651 5091 1775 5141 pecuniam
1788 5088 1820 5125 eis
1832 5078 1910 5121 initter

333 5186 426 5255 πείσας
435 5186 538 5268 πέμψαι
549 5188 592 5246 τδν
601 5187 729 5267 Ὑρκανὸν
740 5186 815 5252 αὐτὸς
824 5185 912 5244 λαθών
924 5186 1053 5265 νοιρίζεται
1063 5184 1111 5255 τὴν
1158 5189 1213 5238 diui
1226 5192 1347 5251 tiyrcauo,
1361 5190 1410 5251 ipse
1428 5186 1535 5236 muueris
1545 5186 1643 5247 gratiam
1657 5186 1687 5232 ait
1699 5194 1725 5231 sc
1735 5178 1858 5231 transient
1869 5186 1910 5222 nat

334 5274 443 5360 inperii·
458 5278 492 5343 ώς
505 5276 555 5355 γάρ
574 5274 656 5349 ίδίοιν,
671 5274 729 5334 ἀλλ’
745 5276 794 5354 οὐχ
803 5277 837 5341 ὡς
852 5273 980 5355 Ὑρκανοῦ
992 5272 1111 5363 διδόντος,
1159 5297 1187 5343 ut
1199 5294 1332 5354 propriam,
1341 5304 1388 5341 non
1402 5293 1429 5339 ut
1438 5290 1546 5351 Hyrcano
1555 5285 1626 5337 dante
1639 5284 1711 5342 misit,
1743 5284 1795 5332 ίίατ
1804 5281 1910 5339 tisinum

1158 4301 1533 4363 omniiimdominn,attiocretur.
1564 4302 1910 4364 Neqiietauieri,quumiuunt

1158 4396 1221 4439 esset
1230 4405 1259 4441 ex
1272 4390 1342 4438 iebus
1351 4390 1404 4438 istis
1415 4388 1554 4452 splendore,
1568 4389 1670 4439 (ίεοειείί
1680 4388 1826 4452 quidquem,
1841 4394 1866 4435 ui
1878 4386 1910 4448 ptr

1159 4492 1260 4539 rumque
1273 4478 1367 4537 creuit,
1377 4478 1453 4539 ipsius
1462 4491 1516 4540 erga
1524 4480 1659 4539 Hyrcanum
1676 4476 1844 4527 θεοειυίοοιίιε
1860 4482 1909 4533 atui

1159 4566 1222 4614 ndei.

1189 4654 1210 4699 3.
1228 4653 1339 4700 ceterum
1355 4648 1493 4699 iudeorum
1505 4646 1623 4710 primarii,
1635 4646 1743 4695 ridentes
1753 4645 1910 4704 Antipatrum

1158 4758 1209 4820 ejus
1219 4760 1278 4808 titios
1287 4759 1389 4807 muttum
1396 4770 1503 4806 crescere
1511 4760 1563 4806 tum
1574 4754 1648 4817 gratie
1659 4753 1723 4815 apud
1733 4752 1867 4814 poputaies,
1877 4754 1910 4794 tm

1159 4867 1274 4917 reditibus
1282 4867 1421 4929 eitiyrmui
1432 4872 1458 4916 ct
1466 4865 1559 4916 iudum
1569 4862 1684 4926 pecuniis,
1692 4866 1762 4909 eraut
1772 4860 1794 4907 iii
1804 4870 1858 4907 eum
1868 4854 1910 4902 mii
