3859 6084
285 515 344 569 ειε
385 501 506 581 (τοισιν.)

762 501 1049 562 ΑΡΧΑΙΟΛΟΙῚἈΣ
1070 502 1167 560 ΒΙΒΛ.
1190 503 1244 579 ῖς.
1267 504 1359 563 litim.
1384 505 1414 563 B.

1851 72 1853 159 l

1853 173 1854 235 ι

1747 467 1857 591 immi

277 642 362 703 έεειιιν
386 638 528 720 Ἀγρίππας
550 636 664 709 έσταλη,
688 635 735 706 τήν
759 638 921 714 ἀνακομιδήν
945 642 993 697 ούκ
1022 636 1056 697 ἔτ’
1105 649 1208 710 Agrippa
1220 648 1278 697 illuc
1287 649 1376 698 missus
1389 650 1584 708 luerat,miuime
1597 650 1685 713 placuit
1693 653 1847 707 naribusutial

277 729 361 789 ίδόκει
377 732 493 787 πιεῖσθαι
510 724 647 796 πλέουσιν,
663 722 731 782 ἀλλά
750 725 950 805 διαμειψάμενοι
967 726 1015 795 τήν
1030 750 1057 785 τε
1104 734 1288 796 εειετῐειιθιιιιι,
1301 735 1342 785 sed
1354 738 1534 799 Paphlagoniam
1548 743 1572 786 et
1580 739 1749 800 cappadocum
1760 746 1849 803 pertram·

277 815 466 898 Παφλαγονίαν
477 814 524 873 καί
540 811 750 885 Καππαδοκίαν,
765 818 882 873 κάκεῖθεν
898 815 941 873 ἐπὶ
954 822 999 889 τῆς
1014 838 1060 893 με·
1103 828 1201 883 euntes,
1214 836 1242 871 ac
1259 823 1344 872 deinde
1358 824 1443 873 itinere
1461 824 1563 887 pedestri
1587 827 1611 874 in
1625 827 1746 888 Phrygiam
1762 829 1846 891 majona

277 903 360 983 γάλης
372 901 492 984 Φρυγίας
501 900 652 966 ὁδεύσαντες
661 898 820 980 εῖςἜφεσυν
832 902 970 982 ἀφίκοντο,
981 903 1060 960 πάλιν
1105 910 1203 973 proiecti
1225 912 1345 974 b'pbesum
1366 914 1536 973 pervenenrnt,
1550 913 1613 961 unde
1630 914 1653 962 ln
1669 917 1760 963 Samma
1775 918 1849 967 iracitur

251 989 307 1051 εδδ
316 991 342 1059 i}
356 990 469 1071 Ἐφέσου
481 990 636 1047 διέπλευσαν
650 990 685 1053 είς
697 987 799 1064 Σάμον.
841 992 944 1049 Πολλαὶ
957 990 1004 1067 μὲν
1017 982 1060 1048 adr
1104 998 1255 1059 traiecenrnt.
1290 1002 1319 1047 nt
1334 1000 1411 1047 nrulta
1427 998 1523 1061 orrirlem
1540 1013 1580 1061 per
1599 1001 1704 1061 singulas
1720 1004 1850 1065 cirltatesprr

277 1079 323 1139 καὶ
334 1082 393 1139 καθ’
406 1077 520 1148 έκάστην
531 1076 607 1135 πόλιν
620 1074 765 1155 εὐεργεσίαι
775 1080 814 1155 τῷ
824 1080 927 1155 βασιλεῖ
936 1079 1005 1137 κατὰ
1016 1077 1062 1145 τάς
1106 1084 1281 1134 tlerodemdata
1288 1090 1343 1133 sunt
1351 1086 1477 1145 beneficia,
1486 1089 1556 1149 prorrt
1564 1088 1748 1149 supplicantibus
1755 1102 1804 1150 opus
1810 1096 1850 1139 ent.

277 1166 368 1247 χρείας
382 1169 433 1224 τῶν
450 1164 659 1244 ίντυγγανόντων
675 1161 800 1240 ἐγένοντο.
845 1165 897 1224 Καὶ
917 1165 970 1246 γάρ
987 1164 1062 1232 αὐτὸς
1106 1175 1216 1234 Namque
1234 1172 1285 1234 ipse
1302 1172 1361 1220 nitril
1377 1174 1529 1234 praetermisit
1547 1174 1613 1235 quod
1630 1175 1747 1234 pecuniam
1762 1146 1864 1243 tuprnlri

278 1253 327 1313 ὅσα
342 1253 386 1314 διδ
397 1252 542 1334 χρημάτων
558 1244 589 1324 ήν
606 1251 624 1323 ή
642 1248 781 1319 talibusne
798 1254 827 1310 ού
841 1253 1016 1333 παρέλειπεν,
1037 1254 1062 1322 ἐξ
1106 1264 1147 1307 aut
1158 1258 1233 1307 arnico
1245 1258 1502 1321 recipiendoproestarc
1518 1261 1613 1322 potuit,
1624 1262 1754 1322 sumptibus
1762 1265 1817 1311 etiam
1831 1244 1865 1335 lei

280 1347 359 1403 αύτοῦ
373 1342 419 1410 τδις
431 1341 549 1409 δαπάνας
559 1338 721 1417 ποιούμενος·
733 1339 779 1398 καὶ
791 1344 842 1398 τῶν
855 1342 918 1423 παρ’
931 1342 1063 1422 Ἀγρίππα
1107 1360 1151 1395 suo
1165 1347 1284 1407 erogatis3
1300 1359 1343 1408 pro
1355 1348 1476 1396 nonnullis
1487 1348 1559 1396 etiem
1571 1347 1613 1409 qrri
1624 1348 1779 1397 desiderabunt
1788 1350 1851 1412 alipii

243 1452 268 1492 to
278 1436 353 1491 τινῶν
365 1429 574 1508 ἐπιζητουμένων
588 1427 695 1507 μεσίτης
706 1420 752 1501 ἦν,
767 1427 812 1486 καὶ
827 1429 996 1510 διεπράττετο
1010 1454 1064 1507 μη·
1106 1433 1246 1483 ἱθῑθϊθθῦὓίἰ·
1260 1433 1323 1496 apud
1344 1436 1484 1497 agrippam,
1506 1434 1636 1496 ellecitqae
1658 1438 1683 1484 ¹¹¹
1702 1437 1746 1485 toti
1762 1444 1852 1498 comllitt

281 1519 349 1587 δενδς
370 1522 503 1598 ἀτυχῆσαι
524 1512 582 1583 τοὺς
601 1515 744 1592 δεομένους.
789 1513 884 1582 Ὀντος
899 1515 926 1575 δὲ
944 1516 1064 1576 κάκείνου
1107 1521 1545 1584 fierentqnicuuqueopemrogabant.
1565 1526 1852 1580 eramautemetilteaet

279 1612 393 1686 χρηστοῦ
413 1605 459 1664 καί
474 1602 659 1684 μεγαλοψύχου
676 1604 741 1684 πρδς
759 1603 788 1663 τδ
802 1603 927 1686 παρέχειν
944 1604 993 1664 ὅσα
1013 1610 1065 1674 τοῖς
1109 1609 1364 1672 benignus,auirnique
1372 1608 1488 1671 magnillci
1495 1609 1526 1659 ad
1533 1610 1789 1674 trr=gtendumqrrtu1utu
1798 1616 1852 1673 pelen

279 1693 417 1762 ἠξιωκόσιν
433 1691 555 1774 διφελιμα
577 1691 641 1751 ὄντα
661 1690 762 1768 μηδένα
780 1696 831 1751 τῶν
854 1692 940 1751 ἀλλων
961 1692 1065 1767 ἐλύπει,
1108 1698 1173 1747 tibus
1193 1697 1327 1759 prodesset,
1345 1697 1415 1747 morlo
1433 1698 1492 1747 elios
1511 1712 1557 1747 non
1581 1698 1694 1758 laederet,
1715 1714 1758 1747 non
1770 1700 1853 1747 terem

279 1783 428 1851 πλιῖστονή
440 1784 486 1837 τοῦ
495 1776 623 1858 βασιλέως
629 1777 711 1837 ἰποίει
722 1776 802 1860 ῥοπή,
811 1780 995 1859 προτρέπουσα
1003 1780 1066 1860 πρὸς
1109 1790 1215 1837 mentum
1226 1791 1276 1837 erat
1288 1793 1312 1837 et
1322 1788 1344 1836 in
1358 1802 1412 1850 rege
1422 1789 1452 1838 ad
1463 1790 1611 1839 incitandum
1624 1791 1745 1852 Agrippam
1755 1790 1785 1839 ret
1795 1796 1853 1852 sponte
1869 1826 1870 1829 η

245 1888 269 1927 ta
282 1867 329 1936 τάς
343 1866 490 1949 εὐεργεσίας
504 1865 706 1945 ούβραδύνοντα
719 1866 763 1925 τὸν
776 1866 934 1948 Ἀγρίππαν.
957 1868 1066 1927 Ἰλιεῦσι
1110 1881 1245 1925 carmentem
1263 1876 1292 1925 ad
1314 1876 1501 1925 beneficentiam.
1533 1880 1595 1927 llam
1615 1835 1871 1939 lttenritrus‚qnnnosi

282 1954 329 2032 μέν
354 1952 407 2036 γάρ
432 1951 507 2012 αὐτὸν
537 1952 674 2024 διήλλαξεν
698 1952 879 2034 ὀργιζόμενον,
905 1954 1007 2014 δίελυσε
1035 1955 1063 2015 δὲ
1110 1963 1257 2023 irasceretur,
1267 1964 1332 2013 launc
1345 1965 1517 2023 reconciliavit,
1530 1970 1555 2013 et
1566 1979 1610 2027 pro
1623 1965 1690 2015 ciliis
1698 1965 1789 2014 debitam
1799 1933 1872 2015 casa-i

282 2042 355 2110 Χίοις
368 2041 402 2101 τά
416 2040 479 2121 πρὸς
489 2040 547 2108 τοὺς
559 2040 695 2122 Καίσαρος
709 2041 863 2121 ἐπιτρόπους
876 2042 1004 2121 χρήματα
1019 2044 1064 2102 καῖ
1111 2050 1143 2099 ris
1156 2053 1348 2113 procuratoribus
1360 2053 1483 2114 pecuniam
1493 2052 1610 2115 persolvit
1620 2056 1666 2102 eta
1680 2053 1853 2101 tributiseostitre
1872 2031 1873 2060 ἰ

281 2136 334 2191 τῶν
352 2132 477 2212 εἰσφορῶν
493 2128 642 2207 ἀπήλλαξε,
657 2128 709 2196 τοῖς
726 2128 753 2187 δέ
771 2129 858 2197 ἀλλοις
876 2130 940 2189 καθὸ
954 2133 1066 2202 δεηθεῖεν
1111 2138 1185 2200 aurit,
1196 2140 1254 2189 item
1270 2140 1337 2200 aliis,
1350 2154 1493 2203 quancunque
1509 2140 1532 2188 in
1545 2154 1570 2189 re
1582 2141 1683 2203 singuiis
1698 2146 1817 2203 opacasset,
1827 2139 1852 2186 at·
1873 2129 1874 2158 ἰ

283 2220 402 2286 ἑκάστοις
415 2217 572 2298 παρίστατο.

243 2324 271 2364 au
322 2306 356 2385 γ.
367 2304 436 2367 Τότε
450 2304 477 2364 δὲ
486 2306 546 2386 περὶ
561 2303 610 2377 τὴν
623 2304 725 2366 Ἰωνίαν
737 2306 823 2364 αὐτῶν
834 2306 988 2384 γενομένων,
1001 2307 1067 2366 πολύ

1110 2232 1168 2276 erat.

1143 2323 1165 2365 ³.
1179 2317 1326 2377 Tortorem,
1339 2330 1413 2378 quum
1426 2317 1449 2365 in
1461 2317 1552 2367 loniam
1563 2318 1697 2375 venissent,
1708 2330 1782 2377 magna
1790 2316 1854 2363 tudae
1874 2306 1876 2351 i

282 2397 381 2467 πλῆθος
393 2393 536 2466 Ἰουδαίων,
550 2390 623 2460 itit<
633 2391 720 2458 πέδας
736 2391 812 2474 ᾤκει,
829 2393 955 2473 tiniensi,
975 2401 1067 2474 καιροῦ
1111 2425 1163 2460 rum
1174 2411 1316 2471 multitudo,
1328 2412 1369 2474 qni
1385 2412 1456 2461 urbes
1471 2410 1524 2462 illas
1543 2412 1691 2473 incolebant,
1710 2413 1737 2461 ad
1748 2414 1854 2475 agrippin,

283 2484 329 2543 “i
340 2481 489 2565 παρρησίας
503 2480 709 2557 Ῑπῑῑλῦμμίίθῑι
724 2481 771 2539 καὶ
784 2478 830 2549 τὸ(
844 2482 967 2563 tappetae
980 2482 1067 2559 ἔλεγον
1111 2509 1235 2557 occasione
1246 2507 1380 2569 irdnciaque
1390 2504 1486 2571 sumpta
1494 2544 1501 2569 ,
1509 2522 1535 2559 se
1546 2511 1700 2561 contutemnt
1710 2528 1716 2562 :
1728 2517 1751 2563 et
1760 2511 1811 2574 apud
1819 2522 1855 2557 run

284 2570 315 2639 ἀς
328 2568 517 2651 ἐπηρεάζοντο,
530 2568 597 2646 μήτε
607 2570 695 2646 νόμοις
709 2568 810 2635 οἰκείοις
823 2569 930 2646 ἐώμενοι
939 2574 1068 2649 χρῆσθαι,

284 2657 357 2725 δίκας
380 2680 409 2716 τε
436 2657 642 2735 ἀναγκαζόμενοι
666 2655 765 2715 διδόναι
786 2661 845 2715 κατ’
869 2656 994 2737 ἐπήρειαν
1017 2661 1068 2715 τῶν

244 2762 271 2804 aa
285 2744 479 2806 tiburtinensis
493 2746 574 2823 ἱεραῖς
585 2743 711 2823 ἡμέραις,
728 2745 773 2803 καὶ
786 2748 822 2811 ῶς
834 2748 886 2804 τῶν
904 2748 939 2812 εἰς
953 2742 1069 2825 Ἱεροσό-

285 2836 358 2910 λυμα
381 2832 527 2912 χρημάτων
543 2830 734 2904 ἀνατιθεμένων
746 2834 911 2913 ἀφαιροῖντο,
926 2836 1069 2913 στρατειῶν

286 2919 331 2979 καί
357 2922 523 3001 λειτουργιῶν
549 2917 756 2997 ἀναγκαζόμενοι
773 2920 913 2991 κοινωνεῖν,
936 2920 982 2978 καὶ
1006 2942 1070 2999 προς

1111 2606 1141 2655 da
1152 2604 1259 2665 injuriis,
1270 2619 1324 2667 quan
1334 2604 1379 2653 sibi
1388 2605 1484 2664 fierent,
1495 2608 1694 2668 expostulabant,
1710 2609 1779 2671 utqui
1788 2606 1857 2655 suisrrti

1112 2704 1203 2766 legibus
1217 2705 1393 2767 prohibeantur,
1405 2708 1430 2753 et
1441 2706 1515 2753 sacris
1525 2705 1611 2757 diebus
1624 2708 1647 2755 in
1659 2708 1699 2768 jus
1717 2710 1813 2755 nocentur
1826 2716 1857 2751 na
1879 2740 1880 2769 ,

1113 2806 1255 2866 gistratnnm
1267 2804 1408 2867 iniquitate,
1427 2810 1452 2855 et
1468 2808 1575 2867 peorrniis
1591 2808 1721 2870 spolientur
1736 2820 1787 2869 quas
1798 2806 1858 2855 Hiero·

1045 2920 1051 2939 ι
1113 2904 1204 2964 solyma
1215 2903 1308 2953 mittere
1320 2903 1419 2965 vellent,
1438 2910 1600 2967 cogunturque
1607 2906 1636 2955 erl
1644 2905 1769 2957 obeundam
1779 2902 1859 2953 militiam

286 3007 806 3088 ταῦταδαπανᾶντῶνγερῶνχρημάτων,
818 2997 1006 3087 ὧνάηεςθησαν
1020 3008 1070 3078 ἀεὶ,
1114 3003 1138 3049 et
1158 3001 1252 3063 publica
1271 3014 1384 3059 munera,
1403 3004 1428 3050 et
1449 3001 1473 3049 in
1494 3016 1522 3050 ea
1534 3016 1615 3051 meras
1633 3003 1741 3065 pecorum
1757 3002 1860 3055 insonare,

287 3092 428 3170 Ῥωμαίων
441 3094 527 3160 αὐτοῖς
541 3093 735 3174 ἐπιτρεψάντων
754 3093 823 3153 κατδι
834 3091 893 3161 τούς
904 3093 1013 3161 οἰκείους
1024 3098 1070 3165 ζῆν
1114 3098 1201 3161 quibus
1216 3112 1311 3161 semper
1322 3098 1392 3147 soluti
1400 3106 1493 3158 essent,
1503 3113 1578 3161 qrrrrnr
1589 3101 1649 3163 ipsis
1659 3102 1751 3151 ltomani
1760 3098 1860 3149 mundun

252 3178 392 3257 εονόμους.
433 3183 552 3240 Τοιαῦτα
577 3178 768 3239 καταύοῶντων
791 3181 966 3261 παρῃτήσατο
990 3182 1072 3265 μένὸ
1116 3195 1202 3255 γιιιιιίνε
1215 3194 1367 3255 legasrirere
1381 3196 1553 3258 permisissent.
1587 3196 1860 3247 llaecdamroeilenntrr,

290 3264 412 3349 βασῑλῑίἰί
426 3269 537 3325 dmum
556 3266 599 3325 τὸν
619 3267 766 3348 Ἀίρίῦπαν
789 3273 873 3328 αὐτῶν
895 3272 1072 3347 δῑκαῑῡίθίθυ·
1116 3292 1456 3355 rogavitllerodeslgrippnm
1470 3294 1601 3343 utiliorum
1615 3292 1860 3349 rationesaudirerellat,

289 3355 383 3435 μένων
400 3353 529 3416 Ναόλαο*
545 3353 573 3413 δέ
586 3378 645 3413 W
667 3359 719 3414 τῶν
734 3360 812 3415 αὑτοῦ
826 3357 909 3439 φίλων
926 3357 1021 3416 ἔδωκεν
1036 3362 1071 3416 ‘i‘
1116 3387 1400 3463 alleguritqnoqueudam
1410 3390 1602 3451 srrumamioum,
1612 3388 1860 3448 nominentmtammt

290 3443 350 3503 πεῖν
366 3439 432 3524 ὑπὲρ
449 3444 534 3501 αὐτῶν
548 3441 582 3501 τά
602 3441 700 3502 δίκαια.
740 3448 795 3504 Τοῦ
810 3443 838 3504 δέ
855 3445 985 3524 Ἀγρίππα
1005 3446 1073 3507 Ῥοι-

291 3532 377 3613 μαίων
387 3555 417 3591 τε
427 3530 486 3597 τοὺς
497 3533 524 3589 έν
534 3529 604 3589 τέλει
616 3531 662 3589 καὶ
677 3530 806 3609 βασιλέων
819 3532 864 3591 καῖ
874 3536 1007 3592 δυναστῶν
1017 3533 1075 3603 τοὺς

251 3620 422 3703 σεπαρόντας
444 3622 516 3700 αύτῷ
539 3617 675 3699 συνέδρους
691 3618 885 3696 ποιησαμένου,
902 3618 1035 3687 καταστάς
1061 3625 1075 3679 δ

291 3709 421 3773 Νικόλαος
432 3706 498 3789 ὑπὲρ
506 3710 558 3765 τῶν
575 3706 708 3766 Ἰουδαίων
721 3706 817 3775 ἔλεξεν.

331 3795 366 3856 δ.
380 3824 393 3848 ν
403 3792 503 3856 Ἀπασι
512 3793 574 3871 μέν,
585 3783 608 3852 ῶ
619 3792 727 3870 μέγιστε
741 3793 886 3875 Ἀγρίππα,
896 3799 949 3863 τοῖς
963 3801 989 3855 έν
999 3797 1075 3877 χρεία

292 3912 305 3940 ε
319 3883 501 3965 γεγενημένοις
515 3881 616 3961 ἀνάγκη
631 3879 803 3963 καταφεύγειν
813 3882 857 3940 tul
867 3883 926 3949 τοὺς
936 3885 1076 3962 ἀφελέσθαι

293 4000 306 4025 ν
321 3971 367 4039 τδς
382 3969 504 4052 ἐπηρείας
518 3971 603 4028 αὐτῶν
617 3968 821 4046 δυνησομένους,
835 3978 888 4038 τοῖς
897 3971 924 4030 δὲ
936 3979 980 4029 νῦν
989 3976 1077 4050 ἐντυγ-

253 4077 281 4117 to
294 4088 308 4117 ι
321 4059 433 4141 χάνουσι
445 4057 491 4118 καῖ
500 4057 643 4139 παρρησία.
658 4062 684 4118 Τ
685 4057 790 4137 υχόντες
803 4057 854 4139 γάρ
865 4059 990 4139 πρότερον
1005 4064 1077 4136 ὑμῶν

296 4176 309 4203 ε
322 4147 391 4213 οἵους
403 4146 515 4218 ηύξαντο
525 4146 667 4223 πολλάκις,
682 4146 712 4204 τὸ
727 4145 763 4223 μή
778 4146 947 4226 τδιςγάριτας
959 4152 1078 4229 ἀφαιρεῖ·

294 4262 307 4287 ε
320 4240 381 4294 σθαι
393 4236 427 4292 δι’
442 4238 515 4311 ὑμῶν
535 4236 667 4291 αἰτοῦνται
682 4237 734 4291 τῶν
755 4232 913 4305 δεδωκότων,
937 4234 1077 4293 καὶταῦτα

295 4348 309 4377 ι
324 4318 458 4402 εἰληφότες
473 4320 521 4397 μέν
532 4319 612 4387 αὐτάς
623 4318 696 4400 παρδι
710 4320 819 4397 τούτοιν,
832 4314 869 4387 οἷς
882 4320 968 4397 μόνοις
981 4323 1078 4381 διδόναι

295 4436 309 4465 ι
326 4408 450 4485 δύναμις,
477 4409 663 4490 ἀφαιρεόμενοι
685 4410 708 4466 δ’
734 4410 778 4466 ὑπ’
799 4408 900 4474 οὐδενὸς
921 4410 1079 4488 κρείττονος,

257 4514 285 4554 ts
298 4522 312 4551 ι
325 4498 385 4555 ἀλλ’
399 4494 440 4563 οῦς
453 4494 509 4555 ἴσον
523 4494 594 4575 ἔχειν
614 4499 701 4563 αὐτοῖς
722 4496 881 4576 ἀρχομένους
899 4498 995 4573 δμοίως
1018 4502 1078 4575 ύμῖν

298 4612 311 4637 ι
324 4583 422 4643 ἴσασιν.
465 4583 560 4644 Καίτοι
573 4606 603 4660 γε
622 4586 644 4641 εἶ
657 4583 780 4662 μεγάλων
800 4582 957 4657 ἠξιώθησαν,
977 4586 1080 4654 ἔπαινός

298 4700 312 4725 ι
322 4675 378 4730 ῖστι
391 4675 443 4730 τῶν
456 4671 649 4750 τετυχηκότων,
667 4671 706 4729 ὅτι
727 4669 857 4730 τοσούτων
874 4674 1008 4752 παρέσχον
1032 4677 1078 4731 αύ-

299 4786 312 4811 a
325 4756 384 4823 τούς
404 4757 502 4826 ἀξίους·
523 4760 546 4816 εἰ
564 4757 592 4817 δέ
612 4762 723 4839 μικρῶν,
748 4759 858 4839 αἰσχρὸν
872 4758 909 4836 μὴ
932 4762 1080 4819 καὶταῦτα

299 4872 312 4899 ε
328 4843 450 4923 βεύαιοῦν
463 4845 522 4912 τούς
535 4844 688 4913 δεδωκότας.
709 4844 748 4908 Oi
759 4870 789 4923 γε
808 4847 860 4923 μήν
875 4847 997 4924 ἐμποδὼν
1012 4848 1081 4915 ὄντες

261 4962 289 5002 w
302 4958 314 4984 ι
329 4930 376 4989 καῖ
388 4931 453 5011 πρδς
476 4930 599 5013 ἐπήρειαν
615 4933 746 5014 χρώμενοι
762 4934 896 5002 Ἰουδαίοις
918 4936 1026 5007 εὔδηλον
1046 4940 1081 5003 ὡς

303 5047 316 5073 ι
332 5018 413 5099 άμφω
437 5020 570 5092 ἀδικοῦσι,
593 5020 652 5090 τούς
672 5021 823 5103 εἰληφότας,
844 5027 866 5082 εἰ
887 5024 925 5101 μή
953 5026 1079 5103 νομίζοιεν

302 5104 440 5183 «ἀγαθούς
462 5098 499 5173 οῖς
519 5112 543 5166 οἱ
565 5107 698 5189 κράτιστοι
727 5112 911 5190 ἐμαρτύρησαν
931 5116 958 5171 έν
981 5117 1018 5195 τῷ
1037 5116 1081 5172 καὶ

304 5198 438 5253 «τοιαῦτα
456 5195 610 5266 δεδωκέναι,
625 5197 670 5254 καὶ
681 5195 740 5264 τούς
758 5198 915 5270 δεδωκότας,
931 5203 953 5259 εἰ
969 5200 1015 5267 τὰς
1028 5202 1081 5281 χά-

304 5310 316 5335 ν
332 5304 403 5365 ριτας
419 5282 503 5337 αὐτῶν
518 5282 655 5348 άόεῦαίους
670 5283 769 5350 ἀξιοῦσι
782 5286 910 5362 γενέσθαι.
954 5290 986 5347 Εἰ
999 5289 1026 5345 δέ
1045 5313 1082 5357 τις

1120 3491 1258 3541 Jurlreorum
1270 3505 1365 3540 causam
1375 3497 1462 3553 ageret.
1495 3492 1801 3556 eraruqueassessotessilri
1809 3490 1861 3539 atro·

1122 3600 1198 3643 resset
1216 3598 1317 3658 Agrippa
1334 3600 1492 3646 Romanorum
1505 3600 1622 3661 primores
1633 3606 1657 3649 et
1668 3601 1706 3662 qui
1723 3598 1806 3647 aderam
1815 3604 1863 3654 regri

1121 3702 1145 3750 et
1158 3700 1287 3761 principes,
1300 3701 1409 3749 b'iootaus
1420 3715 1462 3763 pro
1471 3701 1563 3751 Judaeis
1574 3702 1654 3753 dicere
1664 3702 1823 3765 aggressusest.

1153 3807 1175 3851 i.
1191 3822 1202 3844 ιι
1214 3803 1331 3863 Equidem
1340 3803 1466 3861 omnibns,
1477 3806 1579 3867 ltprippa
1589 3807 1757 3868 potentissime,
1768 3802 1801 3865 qui
1810 3802 1827 3849 in
1836 3810 1863 3845 an·

1123 3910 1134 3932 n
1147 3891 1230 3951 gnstiis
1242 3895 1298 3939 sunt
1307 3926 1313 3949 ,
1322 3892 1451 3941 necessitas
1460 3897 1497 3942 est
1506 3893 1536 3941 art
1546 3906 1587 3941 eas
1595 3893 1757 3956 contugtentt,
1767 3890 1801 3953 qni
1812 3886 1862 3936 narn

1123 3998 1134 4020 ι
1149 3980 1212 4040 ipsos
1222 3978 1300 4027 levare
1309 3980 1412 4040 possint;
1425 3980 1462 4029 bis
1472 3992 1542 4039 raro,
1550 3982 1590 4043 qui
1600 3996 1663 4031 nunc
1670 3982 1779 4045 supplices
1787 3976 1861 4026 adeun.

1124 4084 1135 4108 ι
1148 4066 1220 4113 etiarn
1241 4066 1328 4114 fidncia
1341 4072 1386 4115 cst.
1419 4070 1500 4125 Quum
1521 4069 1584 4117 euim
1604 4069 1712 4131 vesiana
1734 4070 1781 4117 ante
1796 4064 1860 4113 tubur-

1124 4174 1136 4197 n
1152 4154 1197 4201 rint
1208 4154 1290 4215 orantes
1302 4155 1384 4203 mrrltis
1397 4155 1462 4205 votis
1482 4157 1664 4219 expetiverunt,
1677 4170 1707 4205 ne
1718 4153 1814 4205 beneficia
1831 4148 1863 4197 illis

1125 4262 1136 4284 u
1149 4242 1277 4303 eripiantur
1293 4256 1334 4303 prr
1349 4256 1392 4292 vos
1404 4243 1526 4305 postulant
1541 4245 1582 4306 qrri
1594 4258 1623 4294 ea
1638 4244 1746 4304 dedistis,
1759 4236 1862 4305 presedit*

1124 4348 1135 4369 a
1149 4342 1223 4389 ‹pourn
1237 4342 1264 4376 ea
1274 4328 1370 4390 quidun
1386 4330 1417 4378 ab
1429 4330 1482 4379 istis
1499 4334 1647 4393 acceperint,
1657 4332 1740 4394 quibus
1760 4328 1816 4377 unica
1827 4326 1863 4369 em

1125 4435 1135 4455 ι
1149 4414 1220 4463 θοιιθί
1233 4418 1350 4477 protestata,
1361 4418 1450 4466 eisdem
1461 4432 1517 4467 vern
1535 4420 1619 4482 prirati
1637 4421 1684 4470 sint
1696 4432 1738 4468 non
1748 4431 1760 4465 a
1770 4408 1864 4477 superiori·

1125 4527 1136 4549 ν
1150 4506 1209 4567 bns,
1221 4506 1262 4556 sed
1272 4507 1370 4569 abillis,
1382 4522 1443 4572 quos
1458 4510 1536 4560 sciunt
1549 4525 1651 4574 aequenc
1665 4512 1727 4576 ipsos
1736 4513 1801 4558 restro
1811 4506 1864 4562 iuti*

1125 4616 1136 4639 α
1149 4598 1183 4646 rio
1193 4598 1310 4660 subiectos
1319 4612 1371 4648 esse
1382 4615 1388 4647 :
1398 4614 1533 4664 quanquam
1542 4604 1561 4651 si
1573 4617 1656 4665 magna
1665 4600 1778 4665 εειοηυιθ
1787 4596 1863 4646 luerint.

1125 4704 1137 4728 a
1150 4686 1241 4747 idipsis
1255 4686 1278 4735 in
1289 4686 1359 4737 laude
1371 4688 1518 4751 ponendum,
1529 4690 1593 4752 quod
1602 4692 1673 4740 motis
1682 4704 1731 4740 sese
1741 4687 1812 4747 diplas
1824 4694 1864 4742 pm

1126 4792 1137 4815 α
1151 4756 1270 4836 stiterint;
1283 4774 1319 4823 sin
1332 4788 1418 4837 parra,
1432 4782 1500 4839 turpe
1512 4779 1557 4827 erit
1566 4779 1630 4841 quod
1639 4792 1667 4828 ea
1678 4776 1801 4827 confirmare
1810 4768 1865 4818 nolint

1126 4880 1137 4903 ι
1150 4860 1167 4909 ii
1179 4860 1222 4923 ipsi
1232 4862 1273 4924 qui
1283 4861 1401 4912 dederint.
1435 4866 1532 4915 ltinime
1546 4867 1610 4915 enirn
1622 4866 1718 4916 dubium
1729 4866 1762 4913 est
1770 4862 1816 4923 quin
1827 4856 1865 4903 isli·

1127 4968 1138 4991 ι
1151 4950 1297 5011 quiladaeos
1306 4950 1440 5013 impediunt
1449 4958 1472 5002 et
1480 4954 1557 5003 modis
1565 4954 1666 5017 indignis
1674 4956 1777 5005 tractant,
1786 4946 1865 5003 urnam

1127 5038 1230 5100 «iniurii
1243 5039 1306 5099 sint,
1319 5040 1405 5101 eisqui
1423 5040 1543 5103 banniolo
1559 5043 1703 5103 acreperint,
1718 5040 1736 5088 si
1752 5039 1815 5087 tonos
1828 5039 1864 5077 asse

1128 5146 1139 5167 ιι
1150 5139 1198 5175 non
1208 5127 1355 5190 eristlment,
1368 5128 1458 5189 ortibus
1467 5130 1512 5179 viri
1521 5130 1609 5191 ¹optimi
1625 5136 1670 5178 tam
1685 5127 1786 5191 preclare
1799 5122 1823 5167 rie
1833 5116 1864 5163 iili

1128 5232 1140 5255 ι
1154 5212 1266 5263 merendo
1274 5215 1438 5265 testimoninm
1449 5217 1597 5275 tribuerunt,
1607 5220 1630 5265 et
1640 5214 1730 5276 illisqui
1741 5225 1766 5260 ea
1775 5204 1863 5257 teneram

1129 5320 1141 5343 ι
1153 5302 1172 5349 si
1189 5302 1289 5363 gratiam
1300 5303 1395 5352 allorum
1411 5304 1503 5354 irritam
1516 5304 1566 5355 steri
1581 5304 1705 5367 postulant.
1719 5300 1740 5349 si
1753 5292 1863 5359 qrrisautru
