<?xml version="1.0" encoding="UTF-8"?>
<!DOCTYPE html PUBLIC "-//W3C//DTD XHTML 1.0 Transitional//EN"
    "http://www.w3.org/TR/xhtml1/DTD/xhtml1-transitional.dtd">
<html xmlns="http://www.w3.org/1999/xhtml" xml:lang="en" lang="en">
 <head>
  <title>
</title>
<meta http-equiv="Content-Type" content="text/html;charset=utf-8" />
  <meta name='ocr-system' content='tesseract 3.04.00' />
  <meta name='ocr-capabilities' content='ocr_page ocr_carea ocr_par ocr_line ocrx_word'/>
</head>
<body>
  <div class='ocr_page' id='page_1' title='image "./operagraeceetla01dindgoog/operagraeceetla01dindgoog_0232.png"; bbox 0 0 3859 6084; ppageno 0'>
   <div class='ocr_carea' id='block_1_1' title="bbox 297 495 510 572">
    <p class='ocr_par' dir='ltr' id='par_1_1' title="bbox 297 495 510 572">
     <span class='ocr_line' id='line_1_1' title="bbox 297 495 510 572; baseline -0.023 -15"><span class='ocrx_word' id='word_1_1' title='bbox 297 508 350 558; x_wconf 75' lang='lat' dir='ltr'><strong>tto</strong></span> <span class='ocrx_word' id='word_1_2' title='bbox 393 495 510 572; x_wconf 68' lang='lat' dir='ltr'><strong>(serpat.)</strong></span> 
     </span>
    </p>
   </div>
   <div class='ocr_carea' id='block_1_2' title="bbox 210 623 1070 3308">
    <p class='ocr_par' dir='ltr' id='par_1_2' title="bbox 210 623 1070 2444">
     <span class='ocr_line' id='line_1_2' title="bbox 292 623 1060 704; baseline 0.001 -20"><span class='ocrx_word' id='word_1_3' title='bbox 292 623 406 692; x_wconf 76' lang='grc' dir='ltr'>ἐξουσίαν</span> <span class='ocrx_word' id='word_1_4' title='bbox 416 623 538 696; x_wconf 81' lang='grc' dir='ltr'>δεδιότος,</span> <span class='ocrx_word' id='word_1_5' title='bbox 551 623 630 690; x_wconf 80' lang='grc' dir='ltr'>οὔτως</span> <span class='ocrx_word' id='word_1_6' title='bbox 641 626 824 704; x_wconf 71' lang='grc' dir='ltr'>ἐμπαροινοῦσι</span> <span class='ocrx_word' id='word_1_7' title='bbox 834 626 886 691; x_wconf 87' lang='grc' dir='ltr'>τοῖς</span> <span class='ocrx_word' id='word_1_8' title='bbox 899 625 1060 704; x_wconf 84' lang='grc' dir='ltr'>προίγμασιν.</span> 
     </span>
     <span class='ocr_line' id='line_1_3' title="bbox 290 708 1070 792; baseline -0.001 -22"><span class='ocrx_word' id='word_1_9' title='bbox 290 710 321 770; x_wconf 68' lang='lat' dir='ltr'><strong>‘A</strong></span> <span class='ocrx_word' id='word_1_10' title='bbox 337 713 359 768; x_wconf 87' lang='grc' dir='ltr'>δ’</span> <span class='ocrx_word' id='word_1_11' title='bbox 371 711 402 769; x_wconf 82' lang='grc' dir='ltr'><strong>ἀν</strong></span> <span class='ocrx_word' id='word_1_12' title='bbox 414 708 431 781; x_wconf 82' lang='grc' dir='ltr'>ἢ</span> <span class='ocrx_word' id='word_1_13' title='bbox 444 712 589 792; x_wconf 81' lang='grc' dir='ltr'>ροόηθῶσιν</span> <span class='ocrx_word' id='word_1_14' title='bbox 600 710 770 782; x_wconf 82' lang='grc' dir='ltr'>ἀκούσαντες,</span> <span class='ocrx_word' id='word_1_15' title='bbox 782 708 799 781; x_wconf 83' lang='grc' dir='ltr'>ἢ</span> <span class='ocrx_word' id='word_1_16' title='bbox 813 710 956 787; x_wconf 81' lang='grc' dir='ltr'>μισήσωσιν</span> <span class='ocrx_word' id='word_1_17' title='bbox 970 712 1070 782; x_wconf 58' lang='lat' dir='ltr'><strong>fideli--</strong></span> 
     </span>
     <span class='ocr_line' id='line_1_4' title="bbox 291 796 1061 877; baseline 0.005 -23"><span class='ocrx_word' id='word_1_18' title='bbox 291 821 396 870; x_wconf 88' lang='grc' dir='ltr'>σαντες,</span> <span class='ocrx_word' id='word_1_19' title='bbox 411 796 428 869; x_wconf 82' lang='grc' dir='ltr'>ἢ</span> <span class='ocrx_word' id='word_1_20' title='bbox 443 796 582 877; x_wconf 77' lang='grc' dir='ltr'>στέρξωσιν</span> <span class='ocrx_word' id='word_1_21' title='bbox 595 797 710 875; x_wconf 87' lang='grc' dir='ltr'>ἀλόγως,</span> <span class='ocrx_word' id='word_1_22' title='bbox 723 803 806 855; x_wconf 81' lang='grc' dir='ltr'>ταῦτα</span> <span class='ocrx_word' id='word_1_23' title='bbox 820 797 896 877; x_wconf 90' lang='grc' dir='ltr'>κύρια</span> <span class='ocrx_word' id='word_1_24' title='bbox 910 799 953 856; x_wconf 86' lang='grc' dir='ltr'><strong>καὶ</strong></span> <span class='ocrx_word' id='word_1_25' title='bbox 968 799 1061 877; x_wconf 84' lang='grc' dir='ltr'>βέόαια</span> 
     </span>
     <span class='ocr_line' id='line_1_5' title="bbox 291 879 1060 968; baseline 0 -25"><span class='ocrx_word' id='word_1_26' title='bbox 291 883 336 944; x_wconf 80' lang='grc' dir='ltr'><strong>καί</strong></span> <span class='ocrx_word' id='word_1_27' title='bbox 357 887 440 957; x_wconf 83' lang='grc' dir='ltr'>ἀληθῆ</span> <span class='ocrx_word' id='word_1_28' title='bbox 461 883 506 942; x_wconf 80' lang='grc' dir='ltr'><strong>καί</strong></span> <span class='ocrx_word' id='word_1_29' title='bbox 526 879 668 968; x_wconf 74' lang='grc' dir='ltr'>ἀρθρώποις</span> <span class='ocrx_word' id='word_1_30' title='bbox 689 883 785 963; x_wconf 74' lang='grc' dir='ltr'>ἀρεστὰ</span> <span class='ocrx_word' id='word_1_31' title='bbox 806 888 850 943; x_wconf 80' lang='grc' dir='ltr'><strong>καί</strong></span> <span class='ocrx_word' id='word_1_32' title='bbox 866 888 927 965; x_wconf 84' lang='grc' dir='ltr'><strong>Θεῷ</strong></span> <span class='ocrx_word' id='word_1_33' title='bbox 947 887 1060 944; x_wconf 79' lang='grc' dir='ltr'>δοκοῦσι·</span> 
     </span>
     <span class='ocr_line' id='line_1_6' title="bbox 265 963 1061 1050; baseline 0.001 -23"><span class='ocrx_word' id='word_1_34' title='bbox 265 977 341 1030; x_wconf 77' lang='grc' dir='ltr'>ιτῶν</span> <span class='ocrx_word' id='word_1_35' title='bbox 359 971 386 1030; x_wconf 89' lang='grc' dir='ltr'>δέ</span> <span class='ocrx_word' id='word_1_36' title='bbox 400 971 546 1049; x_wconf 80' lang='grc' dir='ltr'>μελλόντων</span> <span class='ocrx_word' id='word_1_37' title='bbox 559 971 633 1050; x_wconf 80' lang='grc' dir='ltr'>λόγος</span> <span class='ocrx_word' id='word_1_38' title='bbox 645 974 730 1038; x_wconf 81' lang='grc' dir='ltr'>αὐτοῖς</span> <span class='ocrx_word' id='word_1_39' title='bbox 740 970 798 1029; x_wconf 84' lang='grc' dir='ltr'>οὐδὲ</span> <span class='ocrx_word' id='word_1_40' title='bbox 814 963 864 1049; x_wconf 79' lang='grc' dir='ltr'>εἷς,</span> <span class='ocrx_word' id='word_1_41' title='bbox 881 971 947 1030; x_wconf 84' lang='grc' dir='ltr'><strong>ἀλλά</strong></span> <span class='ocrx_word' id='word_1_42' title='bbox 966 976 1061 1048; x_wconf 86' lang='grc' dir='ltr'>τιμῶσι</span> 
     </span>
     <span class='ocr_line' id='line_1_7' title="bbox 291 1057 1062 1140; baseline -0.001 -24"><span class='ocrx_word' id='word_1_43' title='bbox 291 1057 338 1135; x_wconf 72' lang='grc' dir='ltr'>μέν</span> <span class='ocrx_word' id='word_1_44' title='bbox 351 1060 408 1128; x_wconf 80' lang='grc' dir='ltr'>τοὺς</span> <span class='ocrx_word' id='word_1_45' title='bbox 419 1059 503 1118; x_wconf 83' lang='grc' dir='ltr'>πολλδ</span> <span class='ocrx_word' id='word_1_46' title='bbox 514 1059 778 1138; x_wconf 74' lang='grc' dir='ltr'>ταλαιπωρήσαντας,</span> <span class='ocrx_word' id='word_1_47' title='bbox 792 1058 946 1135; x_wconf 78' lang='grc' dir='ltr'>τιμήσαντες</span> <span class='ocrx_word' id='word_1_48' title='bbox 962 1059 988 1116; x_wconf 79' lang='grc' dir='ltr'>δὲ</span> <span class='ocrx_word' id='word_1_49' title='bbox 1001 1065 1062 1140; x_wconf 86' lang='grc' dir='ltr'>ρθο-</span> 
     </span>
     <span class='ocr_line' id='line_1_8' title="bbox 290 1145 1062 1228; baseline 0.003 -27"><span class='ocrx_word' id='word_1_50' title='bbox 290 1151 370 1204; x_wconf 70' lang='grc' dir='ltr'>νοδσι·</span> <span class='ocrx_word' id='word_1_51' title='bbox 398 1146 443 1204; x_wconf 84' lang='grc' dir='ltr'><strong>καί</strong></span> <span class='ocrx_word' id='word_1_52' title='bbox 459 1145 654 1228; x_wconf 89' lang='grc' dir='ltr'>παραγαγόντες</span> <span class='ocrx_word' id='word_1_53' title='bbox 681 1148 716 1212; x_wconf 82' lang='grc' dir='ltr'><strong>εἰς</strong></span> <span class='ocrx_word' id='word_1_54' title='bbox 739 1145 888 1226; x_wconf 83' lang='grc' dir='ltr'>ἐπιροίνειαν</span> <span class='ocrx_word' id='word_1_55' title='bbox 911 1148 941 1205; x_wconf 81' lang='grc' dir='ltr'>οὐ</span> <span class='ocrx_word' id='word_1_56' title='bbox 967 1145 1062 1216; x_wconf 84' lang='grc' dir='ltr'>ταύτης</span> 
     </span>
     <span class='ocr_line' id='line_1_9' title="bbox 291 1230 1061 1312; baseline 0.001 -24"><span class='ocrx_word' id='word_1_57' title='bbox 291 1233 457 1312; x_wconf 70' lang='grc' dir='ltr'>ἀφαιροῦνται</span> <span class='ocrx_word' id='word_1_58' title='bbox 475 1232 551 1310; x_wconf 88' lang='grc' dir='ltr'>μόνον</span> <span class='ocrx_word' id='word_1_59' title='bbox 572 1231 631 1298; x_wconf 83' lang='grc' dir='ltr'>τοθς</span> <span class='ocrx_word' id='word_1_60' title='bbox 652 1232 842 1310; x_wconf 86' lang='grc' dir='ltr'>τετυχηκότας,</span> <span class='ocrx_word' id='word_1_61' title='bbox 857 1231 924 1290; x_wconf 80' lang='grc' dir='ltr'><strong>ἀλλά</strong></span> <span class='ocrx_word' id='word_1_62' title='bbox 939 1230 981 1290; x_wconf 81' lang='grc' dir='ltr'><strong>διδ</strong></span> <span class='ocrx_word' id='word_1_63' title='bbox 995 1231 1061 1289; x_wconf 89' lang='grc' dir='ltr'>ταύ-</span> 
     </span>
     <span class='ocr_line' id='line_1_10' title="bbox 289 1319 1062 1400; baseline 0.004 -26"><span class='ocrx_word' id='word_1_64' title='bbox 289 1342 337 1390; x_wconf 85' lang='grc' dir='ltr'><strong>την</strong></span> <span class='ocrx_word' id='word_1_65' title='bbox 358 1319 403 1378; x_wconf 88' lang='grc' dir='ltr'><strong>καί</strong></span> <span class='ocrx_word' id='word_1_66' title='bbox 423 1326 467 1378; x_wconf 80' lang='grc' dir='ltr'><strong>τοῦ</strong></span> <span class='ocrx_word' id='word_1_67' title='bbox 486 1324 531 1391; x_wconf 76' lang='grc' dir='ltr'><strong>ζῆν</strong></span> <span class='ocrx_word' id='word_1_68' title='bbox 553 1319 596 1378; x_wconf 83' lang='grc' dir='ltr'><strong>ἐπὶ</strong></span> <span class='ocrx_word' id='word_1_69' title='bbox 609 1323 733 1398; x_wconf 83' lang='grc' dir='ltr'>πονηραῖς</span> <span class='ocrx_word' id='word_1_70' title='bbox 753 1319 848 1386; x_wconf 76' lang='grc' dir='ltr'>αἰτίαις</span> <span class='ocrx_word' id='word_1_71' title='bbox 861 1321 905 1378; x_wconf 78' lang='grc' dir='ltr'><strong>καί</strong></span> <span class='ocrx_word' id='word_1_72' title='bbox 927 1321 960 1378; x_wconf 89' lang='grc' dir='ltr'><strong>δι’</strong></span> <span class='ocrx_word' id='word_1_73' title='bbox 982 1323 1062 1400; x_wconf 85' lang='grc' dir='ltr'>ὑπερ·</span> 
     </span>
     <span class='ocr_line' id='line_1_11' title="bbox 253 1405 1062 1486; baseline 0 -22"><span class='ocrx_word' id='word_1_74' title='bbox 253 1419 279 1460; x_wconf 82' lang='grc'><strong>10</strong></span> <span class='ocrx_word' id='word_1_75' title='bbox 291 1405 371 1480; x_wconf 66' lang='lat' dir='ltr'><strong>totto</strong></span> <span class='ocrx_word' id='word_1_76' title='bbox 384 1408 468 1465; x_wconf 84' lang='grc' dir='ltr'>αὐτῶν</span> <span class='ocrx_word' id='word_1_77' title='bbox 481 1406 623 1472; x_wconf 79' lang='grc' dir='ltr'>ἀπιθάνοις.</span> <span class='ocrx_word' id='word_1_78' title='bbox 668 1408 812 1476; x_wconf 83' lang='grc' dir='ltr'>Κολοίζουσι</span> <span class='ocrx_word' id='word_1_79' title='bbox 827 1407 849 1465; x_wconf 91' lang='grc' dir='ltr'>δ’</span> <span class='ocrx_word' id='word_1_80' title='bbox 861 1408 907 1465; x_wconf 78' lang='grc' dir='ltr'>οὐκ</span> <span class='ocrx_word' id='word_1_81' title='bbox 924 1409 965 1464; x_wconf 88' lang='grc' dir='ltr'><strong>ἐπ’</strong></span> <span class='ocrx_word' id='word_1_82' title='bbox 980 1405 1062 1486; x_wconf 81' lang='grc' dir='ltr'>ἔργοις</span> 
     </span>
     <span class='ocr_line' id='line_1_12' title="bbox 292 1492 1060 1574; baseline -0.003 -22"><span class='ocrx_word' id='word_1_83' title='bbox 292 1493 364 1563; x_wconf 81' lang='grc' dir='ltr'>δίκης</span> <span class='ocrx_word' id='word_1_84' title='bbox 375 1492 470 1572; x_wconf 81' lang='grc' dir='ltr'>ἀξίοις,</span> <span class='ocrx_word' id='word_1_85' title='bbox 483 1493 539 1552; x_wconf 83' lang='grc' dir='ltr'>ἀλλ’</span> <span class='ocrx_word' id='word_1_86' title='bbox 555 1494 598 1552; x_wconf 73' lang='grc' dir='ltr'><strong>ἐπὶ</strong></span> <span class='ocrx_word' id='word_1_87' title='bbox 613 1493 744 1560; x_wconf 84' lang='grc' dir='ltr'>διαόολαῖς</span> <span class='ocrx_word' id='word_1_88' title='bbox 760 1493 805 1552; x_wconf 78' lang='grc' dir='ltr'><strong>καί</strong></span> <span class='ocrx_word' id='word_1_89' title='bbox 817 1495 983 1574; x_wconf 76' lang='grc' dir='ltr'>κατηγορίαις</span> <span class='ocrx_word' id='word_1_90' title='bbox 992 1492 1060 1550; x_wconf 81' lang='grc' dir='ltr'>σἰόα-</span> 
     </span>
     <span class='ocr_line' id='line_1_13' title="bbox 292 1579 1062 1654; baseline -0.003 -15"><span class='ocrx_word' id='word_1_91' title='bbox 292 1581 433 1654; x_wconf 90' lang='grc' dir='ltr'>σανίστοις,</span> <span class='ocrx_word' id='word_1_92' title='bbox 460 1581 512 1640; x_wconf 78' lang='grc' dir='ltr'>οὔδ’</span> <span class='ocrx_word' id='word_1_93' title='bbox 535 1580 609 1648; x_wconf 78' lang='grc' dir='ltr'>ὅσους</span> <span class='ocrx_word' id='word_1_94' title='bbox 633 1582 672 1638; x_wconf 89' lang='grc' dir='ltr'><strong>δεῖ</strong></span> <span class='ocrx_word' id='word_1_95' title='bbox 691 1588 765 1640; x_wconf 80' lang='grc' dir='ltr'>τοῦτο</span> <span class='ocrx_word' id='word_1_96' title='bbox 790 1582 891 1654; x_wconf 83' lang='grc' dir='ltr'>παθεῖν,</span> <span class='ocrx_word' id='word_1_97' title='bbox 913 1580 971 1639; x_wconf 88' lang='grc' dir='ltr'>ἀλλ’</span> <span class='ocrx_word' id='word_1_98' title='bbox 988 1579 1062 1645; x_wconf 83' lang='grc' dir='ltr'>όσους</span> 
     </span>
     <span class='ocr_line' id='line_1_14' title="bbox 290 1667 1061 1744; baseline -0.004 -18"><span class='ocrx_word' id='word_1_99' title='bbox 290 1671 442 1728; x_wconf 88' lang='grc' dir='ltr'>ἀποκτεῖναι</span> <span class='ocrx_word' id='word_1_100' title='bbox 456 1667 585 1728; x_wconf 87' lang='grc' dir='ltr'>δύνανται.</span> <span class='ocrx_word' id='word_1_101' title='bbox 634 1671 719 1727; x_wconf 80' lang='grc' dir='ltr'>Τοῦτο</span> <span class='ocrx_word' id='word_1_102' title='bbox 730 1669 845 1734; x_wconf 81' lang='grc' dir='ltr'>Σάουλος</span> <span class='ocrx_word' id='word_1_103' title='bbox 855 1671 918 1744; x_wconf 70' lang='grc' dir='ltr'><strong>ιἡμῖν</strong></span> <span class='ocrx_word' id='word_1_104' title='bbox 932 1671 946 1726; x_wconf 86' lang='grc' dir='ltr'>δ</span> <span class='ocrx_word' id='word_1_105' title='bbox 968 1667 1061 1726; x_wconf 86' lang='grc' dir='ltr'>Κείσου</span> 
     </span>
     <span class='ocr_line' id='line_1_15' title="bbox 290 1753 1061 1834; baseline -0.003 -21"><span class='ocrx_word' id='word_1_106' title='bbox 290 1760 393 1829; x_wconf 82' lang='grc' dir='ltr'>παῖς,δ</span> <span class='ocrx_word' id='word_1_107' title='bbox 412 1759 513 1834; x_wconf 83' lang='grc' dir='ltr'>πρῶτος</span> <span class='ocrx_word' id='word_1_108' title='bbox 528 1753 593 1831; x_wconf 86' lang='grc' dir='ltr'>μετδι</span> <span class='ocrx_word' id='word_1_109' title='bbox 612 1753 658 1825; x_wconf 69' lang='grc' dir='ltr'>τὴν</span> <span class='ocrx_word' id='word_1_110' title='bbox 674 1755 873 1834; x_wconf 84' lang='grc' dir='ltr'>ἀριστοκρατίαν</span> <span class='ocrx_word' id='word_1_111' title='bbox 889 1754 934 1812; x_wconf 83' lang='grc' dir='ltr'><strong>καί</strong></span> <span class='ocrx_word' id='word_1_112' title='bbox 948 1754 996 1825; x_wconf 78' lang='grc' dir='ltr'><strong>τὴν</strong></span> <span class='ocrx_word' id='word_1_113' title='bbox 1018 1753 1061 1811; x_wconf 84' lang='grc' dir='ltr'><strong>ἐπί</strong></span> 
     </span>
     <span class='ocr_line' id='line_1_16' title="bbox 251 1841 1062 1923; baseline -0.005 -22"><span class='ocrx_word' id='word_1_114' title='bbox 251 1863 276 1902; x_wconf 84' lang='grc' dir='ltr'><strong>ιο</strong></span> <span class='ocrx_word' id='word_1_115' title='bbox 291 1852 343 1910; x_wconf 86' lang='grc' dir='ltr'>τοῖς</span> <span class='ocrx_word' id='word_1_116' title='bbox 354 1847 453 1922; x_wconf 84' lang='grc' dir='ltr'>κριταῖς</span> <span class='ocrx_word' id='word_1_117' title='bbox 472 1842 602 1900; x_wconf 88' lang='grc' dir='ltr'>πολιτείαν</span> <span class='ocrx_word' id='word_1_118' title='bbox 620 1841 752 1922; x_wconf 82' lang='grc' dir='ltr'>Ἓόραίων</span> <span class='ocrx_word' id='word_1_119' title='bbox 767 1841 934 1922; x_wconf 69' lang='grc' dir='ltr'>βασιλεύσας,</span> <span class='ocrx_word' id='word_1_120' title='bbox 954 1842 1062 1923; x_wconf 86' lang='grc' dir='ltr'>ρανερδν</span> 
     </span>
     <span class='ocr_line' id='line_1_17' title="bbox 290 1927 1062 2009; baseline -0.005 -21"><span class='ocrx_word' id='word_1_121' title='bbox 290 1929 431 2001; x_wconf 87' lang='grc' dir='ltr'>πεποίηκε,</span> <span class='ocrx_word' id='word_1_122' title='bbox 444 1929 604 2009; x_wconf 89' lang='grc' dir='ltr'>τριακοσίους</span> <span class='ocrx_word' id='word_1_123' title='bbox 616 1927 769 1996; x_wconf 85' lang='grc' dir='ltr'>ἀποκτείνας</span> <span class='ocrx_word' id='word_1_124' title='bbox 779 1928 862 2008; x_wconf 79' lang='grc' dir='ltr'>ἱερέας</span> <span class='ocrx_word' id='word_1_125' title='bbox 874 1928 918 1987; x_wconf 79' lang='grc' dir='ltr'><strong>καί</strong></span> <span class='ocrx_word' id='word_1_126' title='bbox 928 1928 1062 2009; x_wconf 75' lang='grc' dir='ltr'>προφήτας</span> 
     </span>
     <span class='ocr_line' id='line_1_18' title="bbox 289 2014 1061 2096; baseline -0.005 -20"><span class='ocrx_word' id='word_1_127' title='bbox 289 2020 319 2076; x_wconf 84' lang='grc' dir='ltr'>ἐκ</span> <span class='ocrx_word' id='word_1_128' title='bbox 335 2021 381 2088; x_wconf 81' lang='grc' dir='ltr'><strong>τῆς</strong></span> <span class='ocrx_word' id='word_1_129' title='bbox 400 2018 463 2096; x_wconf 85' lang='grc' dir='ltr'>πρὸς</span> <span class='ocrx_word' id='word_1_130' title='bbox 484 2014 650 2094; x_wconf 75' lang='grc' dir='ltr'>Ἀχιμέλεχον</span> <span class='ocrx_word' id='word_1_131' title='bbox 672 2015 797 2096; x_wconf 72' lang='grc' dir='ltr'>ὑποψίας,</span> <span class='ocrx_word' id='word_1_132' title='bbox 818 2015 1020 2076; x_wconf 84' lang='grc' dir='ltr'>ἐπικαταόαλὼν</span> <span class='ocrx_word' id='word_1_133' title='bbox 1034 2014 1061 2072; x_wconf 83' lang='grc' dir='ltr'>δὲ</span> 
     </span>
     <span class='ocr_line' id='line_1_19' title="bbox 290 2101 1061 2182; baseline -0.008 -18"><span class='ocrx_word' id='word_1_134' title='bbox 290 2106 376 2170; x_wconf 76' lang='grc' dir='ltr'>αύτοῖς</span> <span class='ocrx_word' id='word_1_135' title='bbox 391 2104 436 2162; x_wconf 85' lang='grc' dir='ltr'><strong>καί</strong></span> <span class='ocrx_word' id='word_1_136' title='bbox 448 2103 495 2174; x_wconf 78' lang='grc' dir='ltr'><strong>τὴν</strong></span> <span class='ocrx_word' id='word_1_137' title='bbox 506 2101 581 2162; x_wconf 91' lang='grc' dir='ltr'>πόλιν</span> <span class='ocrx_word' id='word_1_138' title='bbox 596 2103 641 2162; x_wconf 81' lang='grc' dir='ltr'><strong>καὶ</strong></span> <span class='ocrx_word' id='word_1_139' title='bbox 654 2102 697 2160; x_wconf 88' lang='grc' dir='ltr'><strong>τδν</strong></span> <span class='ocrx_word' id='word_1_140' title='bbox 708 2105 733 2160; x_wconf 91' lang='grc' dir='ltr'>ἐν</span> <span class='ocrx_word' id='word_1_141' title='bbox 747 2103 836 2182; x_wconf 87' lang='grc' dir='ltr'>τρόπῳ</span> <span class='ocrx_word' id='word_1_142' title='bbox 846 2103 895 2160; x_wconf 90' lang='grc' dir='ltr'>τινί</span> <span class='ocrx_word' id='word_1_143' title='bbox 909 2102 970 2159; x_wconf 88' lang='grc' dir='ltr'>ναδν</span> <span class='ocrx_word' id='word_1_144' title='bbox 981 2125 1061 2160; x_wconf 88' lang='grc' dir='ltr'>σπου-</span> 
     </span>
     <span class='ocr_line' id='line_1_20' title="bbox 290 2189 1060 2271; baseline -0.003 -23"><span class='ocrx_word' id='word_1_145' title='bbox 290 2190 372 2258; x_wconf 87' lang='grc' dir='ltr'>δοίσας</span> <span class='ocrx_word' id='word_1_146' title='bbox 390 2190 479 2270; x_wconf 84' lang='grc' dir='ltr'>ίερίων</span> <span class='ocrx_word' id='word_1_147' title='bbox 496 2190 541 2248; x_wconf 81' lang='grc' dir='ltr'><strong>καὶ</strong></span> <span class='ocrx_word' id='word_1_148' title='bbox 559 2194 697 2271; x_wconf 68' lang='grc' dir='ltr'>προφητῶν</span> <span class='ocrx_word' id='word_1_149' title='bbox 712 2189 809 2270; x_wconf 84' lang='grc' dir='ltr'>έρημον</span> <span class='ocrx_word' id='word_1_150' title='bbox 823 2195 1003 2261; x_wconf 81' lang='grc' dir='ltr'>καταστῆσαι,</span> <span class='ocrx_word' id='word_1_151' title='bbox 1018 2213 1060 2247; x_wconf 86' lang='grc' dir='ltr'><strong>το-</strong></span> 
     </span>
     <span class='ocr_line' id='line_1_21' title="bbox 210 2276 1060 2356; baseline -0.001 -22"><span class='ocrx_word' id='word_1_152' title='bbox 210 2323 212 2328; x_wconf 58' lang='grc'>,</span> <span class='ocrx_word' id='word_1_153' title='bbox 251 2293 279 2334; x_wconf 73' lang='lat'><strong>20</strong></span> <span class='ocrx_word' id='word_1_154' title='bbox 292 2277 396 2345; x_wconf 79' lang='grc' dir='ltr'>τούτους</span> <span class='ocrx_word' id='word_1_155' title='bbox 407 2277 454 2354; x_wconf 82' lang='grc' dir='ltr'>μέν</span> <span class='ocrx_word' id='word_1_156' title='bbox 468 2276 574 2350; x_wconf 84' lang='grc' dir='ltr'>ἀνελὼν,</span> <span class='ocrx_word' id='word_1_157' title='bbox 588 2287 674 2353; x_wconf 84' lang='grc' dir='ltr'>μεῖναι</span> <span class='ocrx_word' id='word_1_158' title='bbox 687 2276 713 2335; x_wconf 80' lang='grc' dir='ltr'>δέ</span> <span class='ocrx_word' id='word_1_159' title='bbox 728 2278 807 2346; x_wconf 88' lang='grc' dir='ltr'>ἐοίσας</span> <span class='ocrx_word' id='word_1_160' title='bbox 820 2280 876 2336; x_wconf 79' lang='grc' dir='ltr'>οὐδὲ</span> <span class='ocrx_word' id='word_1_161' title='bbox 888 2277 934 2349; x_wconf 74' lang='grc' dir='ltr'><strong>τὴν</strong></span> <span class='ocrx_word' id='word_1_162' title='bbox 948 2277 1060 2356; x_wconf 84' lang='grc' dir='ltr'>πατρίδα</span> 
     </span>
     <span class='ocr_line' id='line_1_22' title="bbox 291 2364 991 2444; baseline -0.001 -19"><span class='ocrx_word' id='word_1_163' title='bbox 291 2368 387 2438; x_wconf 82' lang='grc' dir='ltr'>αὐτῶν,</span> <span class='ocrx_word' id='word_1_164' title='bbox 398 2365 461 2444; x_wconf 84' lang='grc' dir='ltr'>πρὸς</span> <span class='ocrx_word' id='word_1_165' title='bbox 468 2365 497 2424; x_wconf 88' lang='grc' dir='ltr'><strong>τδ</strong></span> <span class='ocrx_word' id='word_1_166' title='bbox 508 2365 553 2423; x_wconf 82' lang='grc' dir='ltr'><strong>καί</strong></span> <span class='ocrx_word' id='word_1_167' title='bbox 564 2365 620 2442; x_wconf 87' lang='grc' dir='ltr'>μετ’</span> <span class='ocrx_word' id='word_1_168' title='bbox 633 2364 743 2432; x_wconf 75' lang='grc' dir='ltr'>ἐκείνους</span> <span class='ocrx_word' id='word_1_169' title='bbox 759 2365 850 2431; x_wconf 84' lang='grc' dir='ltr'>σίλλους</span> <span class='ocrx_word' id='word_1_170' title='bbox 864 2366 991 2443; x_wconf 86' lang='grc' dir='ltr'>γενέσθαι.</span> 
     </span>
    </p>

    <p class='ocr_par' dir='ltr' id='par_1_3' title="bbox 290 2449 1060 2710">
     <span class='ocr_line' id='line_1_23' title="bbox 329 2449 1059 2531; baseline -0.003 -19"><span class='ocrx_word' id='word_1_171' title='bbox 329 2451 364 2523; x_wconf 81' lang='grc' dir='ltr'><strong>η’.</strong></span> <span class='ocrx_word' id='word_1_172' title='bbox 375 2451 411 2512; x_wconf 80' lang='lat'><strong>‘0</strong></span> <span class='ocrx_word' id='word_1_173' title='bbox 426 2454 448 2510; x_wconf 89' lang='grc' dir='ltr'>δ’</span> <span class='ocrx_word' id='word_1_174' title='bbox 462 2450 612 2530; x_wconf 82' lang='grc' dir='ltr'>Ἀόιοίθαρος</span> <span class='ocrx_word' id='word_1_175' title='bbox 626 2457 696 2511; x_wconf 79' lang='grc' dir='ltr'>θεοῦ</span> <span class='ocrx_word' id='word_1_176' title='bbox 716 2452 885 2531; x_wconf 78' lang='grc' dir='ltr'>Ἀχιμελέχου</span> <span class='ocrx_word' id='word_1_177' title='bbox 901 2457 975 2522; x_wconf 83' lang='grc' dir='ltr'>παῖς,</span> <span class='ocrx_word' id='word_1_178' title='bbox 988 2455 1001 2508; x_wconf 84' lang='grc' dir='ltr'>ό</span> <span class='ocrx_word' id='word_1_179' title='bbox 1014 2449 1059 2527; x_wconf 88' lang='grc' dir='ltr'>μό·</span> 
     </span>
     <span class='ocr_line' id='line_1_24' title="bbox 290 2538 1060 2617; baseline -0.008 -17"><span class='ocrx_word' id='word_1_180' title='bbox 290 2563 330 2609; x_wconf 93' lang='grc' dir='ltr'><strong>νος</strong></span> <span class='ocrx_word' id='word_1_181' title='bbox 344 2541 501 2612; x_wconf 73' lang='grc' dir='ltr'>διασωθῆναι</span> <span class='ocrx_word' id='word_1_182' title='bbox 513 2539 627 2614; x_wconf 86' lang='grc' dir='ltr'>δυνηθείς</span> <span class='ocrx_word' id='word_1_183' title='bbox 640 2542 669 2601; x_wconf 81' lang='grc' dir='ltr'>ἐκ</span> <span class='ocrx_word' id='word_1_184' title='bbox 683 2545 728 2598; x_wconf 82' lang='grc' dir='ltr'><strong>τοῦ</strong></span> <span class='ocrx_word' id='word_1_185' title='bbox 741 2539 830 2617; x_wconf 81' lang='grc' dir='ltr'>γένους</span> <span class='ocrx_word' id='word_1_186' title='bbox 848 2545 899 2597; x_wconf 83' lang='grc' dir='ltr'><strong>τῶν</strong></span> <span class='ocrx_word' id='word_1_187' title='bbox 911 2539 959 2598; x_wconf 81' lang='grc' dir='ltr'>ὑπὸ</span> <span class='ocrx_word' id='word_1_188' title='bbox 973 2538 1060 2600; x_wconf 86' lang='grc' dir='ltr'>Σαού-</span> 
     </span>
     <span class='ocr_line' id='line_1_25' title="bbox 290 2623 1060 2710; baseline -0.01 -22"><span class='ocrx_word' id='word_1_189' title='bbox 290 2632 335 2688; x_wconf 85' lang='grc' dir='ltr'><strong>λου</strong></span> <span class='ocrx_word' id='word_1_190' title='bbox 350 2627 519 2710; x_wconf 79' lang='grc' dir='ltr'>φονευθέντων</span> <span class='ocrx_word' id='word_1_191' title='bbox 533 2626 632 2708; x_wconf 83' lang='grc' dir='ltr'>ίερέων,</span> <span class='ocrx_word' id='word_1_192' title='bbox 647 2625 733 2708; x_wconf 80' lang='grc' dir='ltr'>ρυγιλν</span> <span class='ocrx_word' id='word_1_193' title='bbox 745 2626 808 2710; x_wconf 83' lang='grc' dir='ltr'>πρὸς</span> <span class='ocrx_word' id='word_1_194' title='bbox 822 2623 935 2696; x_wconf 85' lang='grc' dir='ltr'>Δαυίδην</span> <span class='ocrx_word' id='word_1_195' title='bbox 947 2623 994 2695; x_wconf 70' lang='grc' dir='ltr'><strong>τὴν</strong></span> <span class='ocrx_word' id='word_1_196' title='bbox 1009 2629 1060 2682; x_wconf 82' lang='grc' dir='ltr'><strong>τῶν</strong></span> 
     </span>
    </p>

    <p class='ocr_par' dir='ltr' id='par_1_4' title="bbox 251 2709 1061 3142">
     <span class='ocr_line' id='line_1_26' title="bbox 251 2709 1061 2795; baseline -0.004 -25"><span class='ocrx_word' id='word_1_197' title='bbox 251 2727 278 2770; x_wconf 72' lang='lat' dir='ltr'><strong>tt</strong></span> <span class='ocrx_word' id='word_1_198' title='bbox 290 2715 389 2775; x_wconf 81' lang='grc' dir='ltr'>οἰκείων</span> <span class='ocrx_word' id='word_1_199' title='bbox 404 2718 483 2774; x_wconf 78' lang='grc' dir='ltr'>αὐτοῦ</span> <span class='ocrx_word' id='word_1_200' title='bbox 501 2715 633 2795; x_wconf 83' lang='grc' dir='ltr'>συμρορδιν</span> <span class='ocrx_word' id='word_1_201' title='bbox 652 2715 765 2785; x_wconf 77' lang='grc' dir='ltr'>ἐδήλωσε</span> <span class='ocrx_word' id='word_1_202' title='bbox 780 2716 824 2774; x_wconf 78' lang='grc' dir='ltr'><strong>καί</strong></span> <span class='ocrx_word' id='word_1_203' title='bbox 842 2709 888 2786; x_wconf 79' lang='grc' dir='ltr'><strong>τλν</strong></span> <span class='ocrx_word' id='word_1_204' title='bbox 905 2716 948 2778; x_wconf 84' lang='grc' dir='ltr'><strong>τοῦ</strong></span> <span class='ocrx_word' id='word_1_205' title='bbox 965 2710 1061 2790; x_wconf 74' lang='grc' dir='ltr'>πατρὸς</span> 
     </span>
     <span class='ocr_line' id='line_1_27' title="bbox 291 2797 1061 2883; baseline -0.009 -22"><span class='ocrx_word' id='word_1_206' title='bbox 291 2803 429 2881; x_wconf 85' lang='grc' dir='ltr'>ἀναίρεσιν.</span> <span class='ocrx_word' id='word_1_207' title='bbox 471 2801 505 2861; x_wconf 85' lang='lat'><strong>‘0</strong></span> <span class='ocrx_word' id='word_1_208' title='bbox 520 2801 542 2859; x_wconf 87' lang='grc' dir='ltr'>δ’</span> <span class='ocrx_word' id='word_1_209' title='bbox 560 2805 607 2860; x_wconf 87' lang='grc' dir='ltr'>ούκ</span> <span class='ocrx_word' id='word_1_210' title='bbox 620 2804 719 2879; x_wconf 83' lang='grc' dir='ltr'>ἀγνοεῖν</span> <span class='ocrx_word' id='word_1_211' title='bbox 739 2801 787 2883; x_wconf 84' lang='grc' dir='ltr'><strong>έρη</strong></span> <span class='ocrx_word' id='word_1_212' title='bbox 801 2808 885 2860; x_wconf 77' lang='grc' dir='ltr'>ταῦτα</span> <span class='ocrx_word' id='word_1_213' title='bbox 897 2802 956 2880; x_wconf 82' lang='grc' dir='ltr'>περὶ</span> <span class='ocrx_word' id='word_1_214' title='bbox 970 2797 1061 2863; x_wconf 74' lang='grc' dir='ltr'>αὐτοὺς</span> 
     </span>
     <span class='ocr_line' id='line_1_28' title="bbox 291 2887 1060 2968; baseline -0.005 -21"><span class='ocrx_word' id='word_1_215' title='bbox 291 2889 401 2967; x_wconf 76' lang='grc' dir='ltr'>ἐσόμενα</span> <span class='ocrx_word' id='word_1_216' title='bbox 414 2887 473 2946; x_wconf 82' lang='grc' dir='ltr'>ίδδιν</span> <span class='ocrx_word' id='word_1_217' title='bbox 486 2888 529 2947; x_wconf 86' lang='grc' dir='ltr'><strong>τδν</strong></span> <span class='ocrx_word' id='word_1_218' title='bbox 542 2889 661 2960; x_wconf 81' lang='grc' dir='ltr'>Δόιηκον·</span> <span class='ocrx_word' id='word_1_219' title='bbox 676 2894 816 2961; x_wconf 74' lang='grc' dir='ltr'>ὑπονοῆσαι</span> <span class='ocrx_word' id='word_1_220' title='bbox 828 2888 877 2968; x_wconf 87' lang='grc' dir='ltr'>γδιρ</span> <span class='ocrx_word' id='word_1_221' title='bbox 890 2887 1060 2957; x_wconf 78' lang='grc' dir='ltr'>διοόληθήσε·</span> 
     </span>
     <span class='ocr_line' id='line_1_29' title="bbox 292 2973 1059 3056; baseline -0.004 -23"><span class='ocrx_word' id='word_1_222' title='bbox 292 2981 352 3034; x_wconf 90' lang='grc' dir='ltr'>σθαι</span> <span class='ocrx_word' id='word_1_223' title='bbox 366 2973 430 3055; x_wconf 83' lang='grc' dir='ltr'>πρὸς</span> <span class='ocrx_word' id='word_1_224' title='bbox 441 2978 519 3032; x_wconf 75' lang='grc' dir='ltr'>αὐτοῦ</span> <span class='ocrx_word' id='word_1_225' title='bbox 530 2975 572 3032; x_wconf 89' lang='grc' dir='ltr'><strong>τδν</strong></span> <span class='ocrx_word' id='word_1_226' title='bbox 583 2974 705 3055; x_wconf 82' lang='grc' dir='ltr'>ἀρχιερέα</span> <span class='ocrx_word' id='word_1_227' title='bbox 714 2980 751 3056; x_wconf 81' lang='grc' dir='ltr'><strong>τῷ</strong></span> <span class='ocrx_word' id='word_1_228' title='bbox 765 2979 882 3056; x_wconf 84' lang='grc' dir='ltr'>βασιλεῖ,</span> <span class='ocrx_word' id='word_1_229' title='bbox 892 2975 936 3033; x_wconf 83' lang='grc' dir='ltr'><strong>καί</strong></span> <span class='ocrx_word' id='word_1_230' title='bbox 946 2980 991 3045; x_wconf 80' lang='grc' dir='ltr'><strong>τῆς</strong></span> <span class='ocrx_word' id='word_1_231' title='bbox 1001 2977 1059 3031; x_wconf 85' lang='grc' dir='ltr'>ἀτυ-</span> 
     </span>
     <span class='ocr_line' id='line_1_30' title="bbox 290 3061 1060 3142; baseline -0.001 -24"><span class='ocrx_word' id='word_1_232' title='bbox 290 3061 349 3142; x_wconf 82' lang='grc' dir='ltr'>χίας</span> <span class='ocrx_word' id='word_1_233' title='bbox 362 3062 457 3133; x_wconf 89' lang='grc' dir='ltr'>ταύτης</span> <span class='ocrx_word' id='word_1_234' title='bbox 471 3063 556 3128; x_wconf 88' lang='grc' dir='ltr'>αὖτοῖς</span> <span class='ocrx_word' id='word_1_235' title='bbox 567 3062 750 3142; x_wconf 76' lang='grc' dir='ltr'>αὐτδνῂτιᾶτο.</span> <span class='ocrx_word' id='word_1_236' title='bbox 792 3067 817 3122; x_wconf 85' lang='grc' dir='ltr'>Τ</span> <span class='ocrx_word' id='word_1_237' title='bbox 818 3063 831 3121; x_wconf 87' lang='grc' dir='ltr'>δ</span> <span class='ocrx_word' id='word_1_238' title='bbox 846 3063 928 3140; x_wconf 88' lang='grc' dir='ltr'>μένειν</span> <span class='ocrx_word' id='word_1_239' title='bbox 940 3065 961 3120; x_wconf 82' lang='grc' dir='ltr'>δ’</span> <span class='ocrx_word' id='word_1_240' title='bbox 974 3062 1060 3119; x_wconf 87' lang='grc' dir='ltr'>αὐτόθι</span> 
     </span>
    </p>

    <p class='ocr_par' dir='ltr' id='par_1_5' title="bbox 251 3147 1060 3308">
     <span class='ocr_line' id='line_1_31' title="bbox 251 3147 1060 3230; baseline -0.005 -22"><span class='ocrx_word' id='word_1_241' title='bbox 251 3169 279 3208; x_wconf 78' lang='lat' dir='ltr'><strong>tu</strong></span> <span class='ocrx_word' id='word_1_242' title='bbox 290 3148 334 3207; x_wconf 80' lang='grc' dir='ltr'><strong>καί</strong></span> <span class='ocrx_word' id='word_1_243' title='bbox 347 3147 392 3207; x_wconf 84' lang='grc' dir='ltr'>σθν</span> <span class='ocrx_word' id='word_1_244' title='bbox 405 3150 475 3228; x_wconf 83' lang='grc' dir='ltr'>αὐτῷ</span> <span class='ocrx_word' id='word_1_245' title='bbox 485 3149 632 3230; x_wconf 82' lang='grc' dir='ltr'>διατρίόειν,</span> <span class='ocrx_word' id='word_1_246' title='bbox 644 3154 678 3216; x_wconf 86' lang='grc' dir='ltr'>ὡς</span> <span class='ocrx_word' id='word_1_247' title='bbox 690 3154 735 3208; x_wconf 82' lang='grc' dir='ltr'>οὐκ</span> <span class='ocrx_word' id='word_1_248' title='bbox 747 3153 773 3208; x_wconf 89' lang='grc' dir='ltr'>ἐν</span> <span class='ocrx_word' id='word_1_249' title='bbox 783 3149 856 3230; x_wconf 85' lang='grc' dir='ltr'>ἀλλῳ</span> <span class='ocrx_word' id='word_1_250' title='bbox 865 3151 936 3229; x_wconf 84' lang='grc' dir='ltr'>τόπῳ</span> <span class='ocrx_word' id='word_1_251' title='bbox 947 3148 1060 3224; x_wconf 80' lang='grc' dir='ltr'>λησόμε-</span> 
     </span>
     <span class='ocr_line' id='line_1_32' title="bbox 291 3235 532 3308; baseline 0.012 -15"><span class='ocrx_word' id='word_1_252' title='bbox 291 3259 332 3294; x_wconf 93' lang='grc' dir='ltr'>νον</span> <span class='ocrx_word' id='word_1_253' title='bbox 346 3235 438 3308; x_wconf 82' lang='grc' dir='ltr'>οῧτως,</span> <span class='ocrx_word' id='word_1_254' title='bbox 452 3235 532 3306; x_wconf 79' lang='grc' dir='ltr'>ἠξίου.</span> 
     </span>
    </p>
   </div>
   <div class='ocr_carea' id='block_1_3' title="bbox 594 3393 760 3452">
    <p class='ocr_par' dir='ltr' id='par_1_6' title="bbox 594 3393 760 3452">
     <span class='ocr_line' id='line_1_33' title="bbox 594 3393 760 3452; baseline -0.012 0"><span class='ocrx_word' id='word_1_255' title='bbox 594 3394 684 3452; x_wconf 80' lang='grc' dir='ltr'>ΚΕΦ.</span> <span class='ocrx_word' id='word_1_256' title='bbox 707 3393 760 3452; x_wconf 87' lang='grc' dir='ltr'><strong>]Γ’.</strong></span> 
     </span>
    </p>
   </div>
   <div class='ocr_carea' id='block_1_4' title="bbox 204 3549 1062 5283">
    <p class='ocr_par' dir='ltr' id='par_1_7' title="bbox 251 3549 1061 4067">
     <span class='ocr_line' id='line_1_34' title="bbox 330 3549 1060 3630; baseline -0.004 -17"><span class='ocrx_word' id='word_1_257' title='bbox 330 3551 408 3613; x_wconf 72' lang='lat' dir='ltr'><strong>llari</strong></span> <span class='ocrx_word' id='word_1_258' title='bbox 422 3549 449 3610; x_wconf 85' lang='grc' dir='ltr'>δέ</span> <span class='ocrx_word' id='word_1_259' title='bbox 460 3557 548 3610; x_wconf 80' lang='grc' dir='ltr'>τοῦτον</span> <span class='ocrx_word' id='word_1_260' title='bbox 563 3551 607 3610; x_wconf 88' lang='grc' dir='ltr'><strong>τδν</strong></span> <span class='ocrx_word' id='word_1_261' title='bbox 620 3553 708 3630; x_wconf 85' lang='grc' dir='ltr'>καιρὸν</span> <span class='ocrx_word' id='word_1_262' title='bbox 725 3551 836 3618; x_wconf 85' lang='grc' dir='ltr'>ἀκούσας</span> <span class='ocrx_word' id='word_1_263' title='bbox 851 3555 864 3609; x_wconf 83' lang='grc' dir='ltr'>θ</span> <span class='ocrx_word' id='word_1_264' title='bbox 876 3551 988 3623; x_wconf 80' lang='grc' dir='ltr'>Δαυίδης</span> <span class='ocrx_word' id='word_1_265' title='bbox 1002 3554 1060 3622; x_wconf 84' lang='grc' dir='ltr'>τοὺς</span> 
     </span>
     <span class='ocr_line' id='line_1_35' title="bbox 293 3638 1058 3718; baseline 0.005 -24"><span class='ocrx_word' id='word_1_266' title='bbox 293 3639 481 3706; x_wconf 82' lang='grc' dir='ltr'>Παλαιστίνους</span> <span class='ocrx_word' id='word_1_267' title='bbox 496 3638 690 3715; x_wconf 80' lang='grc' dir='ltr'>ε’μόεόληκότας</span> <span class='ocrx_word' id='word_1_268' title='bbox 707 3643 742 3705; x_wconf 87' lang='grc' dir='ltr'><strong>εἷς</strong></span> <span class='ocrx_word' id='word_1_269' title='bbox 758 3638 804 3710; x_wconf 77' lang='grc' dir='ltr'>πλν</span> <span class='ocrx_word' id='word_1_270' title='bbox 823 3641 958 3698; x_wconf 86' lang='grc' dir='ltr'>Κιλλανῶν</span> <span class='ocrx_word' id='word_1_271' title='bbox 970 3639 1058 3718; x_wconf 85' lang='grc' dir='ltr'>χώραν</span> 
     </span>
     <span class='ocr_line' id='line_1_36' title="bbox 290 3726 1059 3807; baseline 0 -23"><span class='ocrx_word' id='word_1_272' title='bbox 290 3727 336 3784; x_wconf 82' lang='grc' dir='ltr'><strong>καὶ</strong></span> <span class='ocrx_word' id='word_1_273' title='bbox 354 3726 450 3796; x_wconf 84' lang='grc' dir='ltr'>ταύτην</span> <span class='ocrx_word' id='word_1_274' title='bbox 473 3727 671 3806; x_wconf 79' lang='grc' dir='ltr'>διαρπάζοντας,</span> <span class='ocrx_word' id='word_1_275' title='bbox 686 3726 788 3784; x_wconf 87' lang='grc' dir='ltr'>δίδωσιν</span> <span class='ocrx_word' id='word_1_276' title='bbox 808 3726 898 3784; x_wconf 83' lang='grc' dir='ltr'>ἑαυτὸν</span> <span class='ocrx_word' id='word_1_277' title='bbox 913 3727 1059 3807; x_wconf 82' lang='grc' dir='ltr'>στρατεύειν</span> 
     </span>
     <span class='ocr_line' id='line_1_37' title="bbox 251 3810 1061 3894; baseline -0.004 -22"><span class='ocrx_word' id='word_1_278' title='bbox 251 3833 277 3872; x_wconf 78' lang='lat' dir='ltr'><strong>nt</strong></span> <span class='ocrx_word' id='word_1_279' title='bbox 293 3817 335 3872; x_wconf 89' lang='grc' dir='ltr'><strong>ἐπ’</strong></span> <span class='ocrx_word' id='word_1_280' title='bbox 345 3811 448 3884; x_wconf 77' lang='grc' dir='ltr'>αὐτούς,</span> <span class='ocrx_word' id='word_1_281' title='bbox 467 3815 489 3870; x_wconf 82' lang='grc' dir='ltr'><strong>εἰ</strong></span> <span class='ocrx_word' id='word_1_282' title='bbox 507 3817 520 3870; x_wconf 81' lang='grc' dir='ltr'><strong>ὁ</strong></span> <span class='ocrx_word' id='word_1_283' title='bbox 534 3812 599 3877; x_wconf 78' lang='grc' dir='ltr'>Θεὸς</span> <span class='ocrx_word' id='word_1_284' title='bbox 616 3810 688 3890; x_wconf 80' lang='grc' dir='ltr'>παρὰ</span> <span class='ocrx_word' id='word_1_285' title='bbox 707 3817 752 3869; x_wconf 83' lang='grc' dir='ltr'><strong>τοῦ</strong></span> <span class='ocrx_word' id='word_1_286' title='bbox 767 3811 898 3894; x_wconf 76' lang='grc' dir='ltr'>προρήτου</span> <span class='ocrx_word' id='word_1_287' title='bbox 919 3813 1061 3886; x_wconf 88' lang='grc' dir='ltr'>πυθόμενος</span> 
     </span>
     <span class='ocr_line' id='line_1_38' title="bbox 290 3897 1061 3981; baseline -0.005 -22"><span class='ocrx_word' id='word_1_288' title='bbox 290 3897 422 3980; x_wconf 81' lang='grc' dir='ltr'>ἐπιτρέπει</span> <span class='ocrx_word' id='word_1_289' title='bbox 435 3897 518 3968; x_wconf 85' lang='grc' dir='ltr'>νίκην.</span> <span class='ocrx_word' id='word_1_290' title='bbox 560 3901 614 3958; x_wconf 78' lang='grc' dir='ltr'>Τοῦ</span> <span class='ocrx_word' id='word_1_291' title='bbox 631 3898 657 3956; x_wconf 81' lang='grc' dir='ltr'>δέ</span> <span class='ocrx_word' id='word_1_292' title='bbox 672 3897 806 3974; x_wconf 74' lang='grc' dir='ltr'>σημαίνειν</span> <span class='ocrx_word' id='word_1_293' title='bbox 822 3900 961 3980; x_wconf 76' lang='grc' dir='ltr'>φήσαντος,</span> <span class='ocrx_word' id='word_1_294' title='bbox 977 3899 1061 3981; x_wconf 81' lang='grc' dir='ltr'>ἐξώρ-</span> 
     </span>
     <span class='ocr_line' id='line_1_39' title="bbox 290 3983 1060 4067; baseline 0.001 -22"><span class='ocrx_word' id='word_1_295' title='bbox 290 4009 371 4063; x_wconf 86' lang='grc' dir='ltr'>μησεν</span> <span class='ocrx_word' id='word_1_296' title='bbox 393 3985 436 4042; x_wconf 82' lang='grc' dir='ltr'><strong>ἐπί</strong></span> <span class='ocrx_word' id='word_1_297' title='bbox 449 3983 506 4051; x_wconf 81' lang='grc' dir='ltr'>τοὺς</span> <span class='ocrx_word' id='word_1_298' title='bbox 524 3985 712 4052; x_wconf 88' lang='grc' dir='ltr'>Παλαιστίνους</span> <span class='ocrx_word' id='word_1_299' title='bbox 727 3985 793 4063; x_wconf 82' lang='grc' dir='ltr'>μετδι</span> <span class='ocrx_word' id='word_1_300' title='bbox 810 3991 861 4045; x_wconf 85' lang='grc' dir='ltr'><strong>τῶν</strong></span> <span class='ocrx_word' id='word_1_301' title='bbox 879 3986 998 4067; x_wconf 77' lang='grc' dir='ltr'>ἑταίρων,</span> <span class='ocrx_word' id='word_1_302' title='bbox 1015 3988 1060 4046; x_wconf 89' lang='grc' dir='ltr'><strong>καί</strong></span> 
     </span>
    </p>

    <p class='ocr_par' dir='ltr' id='par_1_8' title="bbox 204 4073 1062 5283">
     <span class='ocr_line' id='line_1_40' title="bbox 204 4073 1060 4152; baseline -0.001 -20"><span class='ocrx_word' id='word_1_303' title='bbox 204 4145 206 4150; x_wconf 68' lang='lat'>,</span> <span class='ocrx_word' id='word_1_304' title='bbox 289 4074 365 4152; x_wconf 78' lang='grc' dir='ltr'>ρόνον</span> <span class='ocrx_word' id='word_1_305' title='bbox 379 4096 406 4129; x_wconf 87' lang='grc' dir='ltr'><strong>τε</strong></span> <span class='ocrx_word' id='word_1_306' title='bbox 429 4074 513 4130; x_wconf 81' lang='grc' dir='ltr'>αὐτῶν</span> <span class='ocrx_word' id='word_1_307' title='bbox 531 4073 610 4130; x_wconf 81' lang='grc' dir='ltr'>πολὺν</span> <span class='ocrx_word' id='word_1_308' title='bbox 635 4073 721 4151; x_wconf 81' lang='grc' dir='ltr'>ἐξέχεε</span> <span class='ocrx_word' id='word_1_309' title='bbox 741 4073 785 4130; x_wconf 83' lang='grc' dir='ltr'><strong>καί</strong></span> <span class='ocrx_word' id='word_1_310' title='bbox 800 4073 872 4130; x_wconf 87' lang='grc' dir='ltr'>λείαν</span> <span class='ocrx_word' id='word_1_311' title='bbox 892 4075 992 4148; x_wconf 76' lang='grc' dir='ltr'>ἤλασε,</span> <span class='ocrx_word' id='word_1_312' title='bbox 1015 4074 1060 4131; x_wconf 86' lang='grc' dir='ltr'><strong>καί</strong></span> 
     </span>
     <span class='ocr_line' id='line_1_41' title="bbox 289 4153 1059 4240; baseline -0.001 -21"><span class='ocrx_word' id='word_1_313' title='bbox 289 4159 451 4240; x_wconf 87' lang='grc' dir='ltr'>παραμείνας</span> <span class='ocrx_word' id='word_1_314' title='bbox 464 4163 515 4225; x_wconf 87' lang='grc' dir='ltr'>τοῖς</span> <span class='ocrx_word' id='word_1_315' title='bbox 531 4161 667 4226; x_wconf 83' lang='grc' dir='ltr'>Κιλλανοῖς</span> <span class='ocrx_word' id='word_1_316' title='bbox 681 4161 728 4227; x_wconf 80' lang='grc' dir='ltr'>ἕως</span> <span class='ocrx_word' id='word_1_317' title='bbox 742 4153 771 4218; x_wconf 74' lang='grc' dir='ltr'>οὗ</span> <span class='ocrx_word' id='word_1_318' title='bbox 784 4160 828 4225; x_wconf 80' lang='grc' dir='ltr'><strong>τὰς</strong></span> <span class='ocrx_word' id='word_1_319' title='bbox 844 4161 943 4226; x_wconf 81' lang='grc' dir='ltr'>ἅλωνας</span> <span class='ocrx_word' id='word_1_320' title='bbox 959 4161 1059 4219; x_wconf 83' lang='grc' dir='ltr'>καὶτὸν</span> 
     </span>
     <span class='ocr_line' id='line_1_42' title="bbox 249 4247 1061 4329; baseline 0.001 -23"><span class='ocrx_word' id='word_1_321' title='bbox 249 4273 277 4312; x_wconf 76' lang='lat' dir='ltr'><strong>ap</strong></span> <span class='ocrx_word' id='word_1_322' title='bbox 290 4247 390 4329; x_wconf 89' lang='grc' dir='ltr'>καρπδν</span> <span class='ocrx_word' id='word_1_323' title='bbox 404 4249 517 4305; x_wconf 88' lang='grc' dir='ltr'>συνεῖλον</span> <span class='ocrx_word' id='word_1_324' title='bbox 533 4249 624 4318; x_wconf 80' lang='grc' dir='ltr'>ἀδεῶς,</span> <span class='ocrx_word' id='word_1_325' title='bbox 638 4248 747 4328; x_wconf 81' lang='grc' dir='ltr'>Σαούλῳ</span> <span class='ocrx_word' id='word_1_326' title='bbox 763 4254 800 4327; x_wconf 86' lang='grc' dir='ltr'><strong>τῷ</strong></span> <span class='ocrx_word' id='word_1_327' title='bbox 819 4249 921 4326; x_wconf 78' lang='grc' dir='ltr'>βασιλεῖ</span> <span class='ocrx_word' id='word_1_328' title='bbox 934 4248 1061 4324; x_wconf 89' lang='grc' dir='ltr'>μηνύεται</span> 
     </span>
     <span class='ocr_line' id='line_1_43' title="bbox 289 4333 1060 4415; baseline 0.001 -22"><span class='ocrx_word' id='word_1_329' title='bbox 289 4337 350 4414; x_wconf 87' lang='grc' dir='ltr'>παρ’</span> <span class='ocrx_word' id='word_1_330' title='bbox 363 4338 447 4398; x_wconf 88' lang='grc' dir='ltr'>αὐτοῖς</span> <span class='ocrx_word' id='word_1_331' title='bbox 461 4333 506 4394; x_wconf 82' lang='grc' dir='ltr'><strong>ὤν.</strong></span> <span class='ocrx_word' id='word_1_332' title='bbox 548 4335 587 4394; x_wconf 78' lang='lat' dir='ltr'><strong>&#39;ft</strong></span> <span class='ocrx_word' id='word_1_333' title='bbox 599 4335 649 4413; x_wconf 78' lang='grc' dir='ltr'><strong>γὰρ</strong></span> <span class='ocrx_word' id='word_1_334' title='bbox 663 4333 736 4412; x_wconf 88' lang='grc' dir='ltr'>ἔργον</span> <span class='ocrx_word' id='word_1_335' title='bbox 749 4336 793 4393; x_wconf 85' lang='grc' dir='ltr'><strong>καί</strong></span> <span class='ocrx_word' id='word_1_336' title='bbox 807 4335 836 4393; x_wconf 83' lang='grc' dir='ltr'><strong>τὸ</strong></span> <span class='ocrx_word' id='word_1_337' title='bbox 847 4335 1003 4415; x_wconf 83' lang='grc' dir='ltr'>κατόρθωμα</span> <span class='ocrx_word' id='word_1_338' title='bbox 1014 4338 1060 4394; x_wconf 84' lang='grc' dir='ltr'>οὐκ</span> 
     </span>
     <span class='ocr_line' id='line_1_44' title="bbox 289 4413 1060 4502; baseline 0 -21"><span class='ocrx_word' id='word_1_339' title='bbox 289 4421 373 4497; x_wconf 83' lang='grc' dir='ltr'>ἐμεινε</span> <span class='ocrx_word' id='word_1_340' title='bbox 387 4422 448 4502; x_wconf 85' lang='grc' dir='ltr'>παρ’</span> <span class='ocrx_word' id='word_1_341' title='bbox 462 4413 498 4488; x_wconf 83' lang='grc' dir='ltr'><strong>οἷς</strong></span> <span class='ocrx_word' id='word_1_342' title='bbox 507 4421 622 4501; x_wconf 86' lang='grc' dir='ltr'>ἐγένετο,</span> <span class='ocrx_word' id='word_1_343' title='bbox 635 4421 710 4500; x_wconf 66' lang='grc' dir='ltr'>φήμη</span> <span class='ocrx_word' id='word_1_344' title='bbox 720 4423 741 4478; x_wconf 84' lang='grc' dir='ltr'>δ’</span> <span class='ocrx_word' id='word_1_345' title='bbox 757 4422 799 4478; x_wconf 83' lang='grc' dir='ltr'><strong>ἐπὶ</strong></span> <span class='ocrx_word' id='word_1_346' title='bbox 811 4432 862 4479; x_wconf 82' lang='grc' dir='ltr'>πᾶν</span> <span class='ocrx_word' id='word_1_347' title='bbox 871 4419 906 4487; x_wconf 90' lang='grc' dir='ltr'><strong>είς</strong></span> <span class='ocrx_word' id='word_1_348' title='bbox 915 4446 943 4479; x_wconf 91' lang='grc' dir='ltr'><strong>τε</strong></span> <span class='ocrx_word' id='word_1_349' title='bbox 954 4421 1000 4488; x_wconf 73' lang='grc' dir='ltr'><strong>τὰς</strong></span> <span class='ocrx_word' id='word_1_350' title='bbox 1010 4428 1060 4481; x_wconf 86' lang='grc' dir='ltr'><strong>τῶν</strong></span> 
     </span>
     <span class='ocr_line' id='line_1_45' title="bbox 291 4507 1059 4588; baseline 0.001 -20"><span class='ocrx_word' id='word_1_351' title='bbox 291 4510 376 4568; x_wconf 86' lang='grc' dir='ltr'>ἀλλων</span> <span class='ocrx_word' id='word_1_352' title='bbox 390 4507 469 4576; x_wconf 82' lang='grc' dir='ltr'>ἀκοδς</span> <span class='ocrx_word' id='word_1_353' title='bbox 483 4509 528 4569; x_wconf 84' lang='grc' dir='ltr'><strong>καί</strong></span> <span class='ocrx_word' id='word_1_354' title='bbox 545 4510 609 4588; x_wconf 85' lang='grc' dir='ltr'>πρὸς</span> <span class='ocrx_word' id='word_1_355' title='bbox 622 4509 668 4576; x_wconf 81' lang='grc' dir='ltr'><strong>τὰς</strong></span> <span class='ocrx_word' id='word_1_356' title='bbox 688 4515 732 4568; x_wconf 80' lang='grc' dir='ltr'><strong>τοῦ</strong></span> <span class='ocrx_word' id='word_1_357' title='bbox 752 4511 877 4588; x_wconf 87' lang='grc' dir='ltr'>βασιλέως</span> <span class='ocrx_word' id='word_1_358' title='bbox 893 4511 1059 4586; x_wconf 83' lang='grc' dir='ltr'>διεκομίσθη,</span> 
     </span>
     <span class='ocr_line' id='line_1_46' title="bbox 292 4595 1060 4676; baseline 0.001 -22"><span class='ocrx_word' id='word_1_359' title='bbox 292 4597 355 4656; x_wconf 86' lang='grc' dir='ltr'>αίιτό</span> <span class='ocrx_word' id='word_1_360' title='bbox 370 4620 399 4654; x_wconf 87' lang='grc' dir='ltr'><strong>τε</strong></span> <span class='ocrx_word' id='word_1_361' title='bbox 413 4597 562 4655; x_wconf 83' lang='grc' dir='ltr'>συνιστάνον</span> <span class='ocrx_word' id='word_1_362' title='bbox 581 4596 627 4654; x_wconf 80' lang='grc' dir='ltr'><strong>καί</strong></span> <span class='ocrx_word' id='word_1_363' title='bbox 649 4595 692 4653; x_wconf 89' lang='grc' dir='ltr'><strong>τδν</strong></span> <span class='ocrx_word' id='word_1_364' title='bbox 715 4597 885 4666; x_wconf 86' lang='grc' dir='ltr'>πεποιηκότα.</span> <span class='ocrx_word' id='word_1_365' title='bbox 928 4597 1020 4676; x_wconf 83' lang='grc' dir='ltr'>Χαίρει</span> <span class='ocrx_word' id='word_1_366' title='bbox 1034 4597 1060 4655; x_wconf 77' lang='grc' dir='ltr'>δὲ</span> 
     </span>
     <span class='ocr_line' id='line_1_47' title="bbox 250 4681 1058 4762; baseline -0.004 -17"><span class='ocrx_word' id='word_1_367' title='bbox 250 4707 276 4745; x_wconf 85' lang='lat' dir='ltr'><strong>ts</strong></span> <span class='ocrx_word' id='word_1_368' title='bbox 293 4682 406 4748; x_wconf 85' lang='grc' dir='ltr'>Σόουλος</span> <span class='ocrx_word' id='word_1_369' title='bbox 414 4683 525 4750; x_wconf 84' lang='grc' dir='ltr'>ἀκούσας</span> <span class='ocrx_word' id='word_1_370' title='bbox 535 4685 561 4740; x_wconf 84' lang='grc' dir='ltr'>ἐν</span> <span class='ocrx_word' id='word_1_371' title='bbox 576 4683 660 4762; x_wconf 74' lang='grc' dir='ltr'>Κιλλορ</span> <span class='ocrx_word' id='word_1_372' title='bbox 670 4682 714 4740; x_wconf 85' lang='grc' dir='ltr'><strong>τὸν</strong></span> <span class='ocrx_word' id='word_1_373' title='bbox 727 4681 850 4754; x_wconf 81' lang='grc' dir='ltr'>Δαυίδην,</span> <span class='ocrx_word' id='word_1_374' title='bbox 860 4683 917 4755; x_wconf 87' lang='grc' dir='ltr'>καί,</span> <span class='ocrx_word' id='word_1_375' title='bbox 932 4685 998 4749; x_wconf 77' lang='grc' dir='ltr'>Θεὸς</span> <span class='ocrx_word' id='word_1_376' title='bbox 1009 4685 1058 4756; x_wconf 79' lang='grc' dir='ltr'>ἤδη</span> 
     </span>
     <span class='ocr_line' id='line_1_48' title="bbox 289 4766 1060 4846; baseline 0.003 -22"><span class='ocrx_word' id='word_1_377' title='bbox 289 4766 364 4846; x_wconf 75' lang='grc' dir='ltr'>χερσί</span> <span class='ocrx_word' id='word_1_378' title='bbox 375 4775 430 4833; x_wconf 90' lang='grc' dir='ltr'>ταῖς</span> <span class='ocrx_word' id='word_1_379' title='bbox 441 4769 513 4843; x_wconf 84' lang='grc' dir='ltr'>ἐμαῖς</span> <span class='ocrx_word' id='word_1_380' title='bbox 528 4768 635 4826; x_wconf 84' lang='grc' dir='ltr'>ὑπέθετο</span> <span class='ocrx_word' id='word_1_381' title='bbox 650 4769 738 4845; x_wconf 83' lang='grc' dir='ltr'>αὐτὸν,</span> <span class='ocrx_word' id='word_1_382' title='bbox 753 4769 841 4837; x_wconf 85' lang='grc' dir='ltr'>εἰπὼν,</span> <span class='ocrx_word' id='word_1_383' title='bbox 856 4769 912 4826; x_wconf 83' lang='grc' dir='ltr'>ἐπεὶ</span> <span class='ocrx_word' id='word_1_384' title='bbox 927 4769 971 4826; x_wconf 80' lang='grc' dir='ltr'><strong>καὶ</strong></span> <span class='ocrx_word' id='word_1_385' title='bbox 982 4793 1060 4842; x_wconf 82' lang='grc' dir='ltr'>συνη·</span> 
     </span>
     <span class='ocr_line' id='line_1_49' title="bbox 290 4853 1062 4936; baseline 0.005 -25"><span class='ocrx_word' id='word_1_386' title='bbox 290 4853 420 4932; x_wconf 87' lang='grc' dir='ltr'>νοίγκασεν</span> <span class='ocrx_word' id='word_1_387' title='bbox 434 4857 514 4912; x_wconf 88' lang='grc' dir='ltr'>ἐλθεῖν</span> <span class='ocrx_word' id='word_1_388' title='bbox 526 4858 560 4920; x_wconf 87' lang='grc' dir='ltr'><strong>εἷς</strong></span> <span class='ocrx_word' id='word_1_389' title='bbox 569 4857 643 4913; x_wconf 87' lang='grc' dir='ltr'>πόλιν</span> <span class='ocrx_word' id='word_1_390' title='bbox 656 4858 730 4934; x_wconf 86' lang='grc' dir='ltr'>τείχη</span> <span class='ocrx_word' id='word_1_391' title='bbox 742 4856 786 4913; x_wconf 82' lang='grc' dir='ltr'><strong>καί</strong></span> <span class='ocrx_word' id='word_1_392' title='bbox 798 4855 881 4922; x_wconf 89' lang='grc' dir='ltr'>πύλας</span> <span class='ocrx_word' id='word_1_393' title='bbox 894 4857 938 4914; x_wconf 88' lang='grc' dir='ltr'><strong>καί</strong></span> <span class='ocrx_word' id='word_1_394' title='bbox 950 4858 1062 4936; x_wconf 80' lang='grc' dir='ltr'>μοχλοὺς</span> 
     </span>
     <span class='ocr_line' id='line_1_50' title="bbox 290 4941 1059 5022; baseline 0.001 -22"><span class='ocrx_word' id='word_1_395' title='bbox 290 4941 412 5019; x_wconf 81' lang='grc' dir='ltr'>ἔχουσαν,</span> <span class='ocrx_word' id='word_1_396' title='bbox 431 4944 468 5020; x_wconf 81' lang='grc' dir='ltr'><strong>τῷ</strong></span> <span class='ocrx_word' id='word_1_397' title='bbox 490 4943 545 5020; x_wconf 79' lang='grc' dir='ltr'><strong>λαῷ</strong></span> <span class='ocrx_word' id='word_1_398' title='bbox 559 4943 636 5000; x_wconf 86' lang='grc' dir='ltr'>παντί</span> <span class='ocrx_word' id='word_1_399' title='bbox 652 4943 807 5022; x_wconf 79' lang='grc' dir='ltr'>προσέταξεν</span> <span class='ocrx_word' id='word_1_400' title='bbox 825 4946 868 5000; x_wconf 85' lang='grc' dir='ltr'><strong>ἐπὶ</strong></span> <span class='ocrx_word' id='word_1_401' title='bbox 889 4941 935 5014; x_wconf 63' lang='grc' dir='ltr'>τὴν</span> <span class='ocrx_word' id='word_1_402' title='bbox 959 4947 1059 5003; x_wconf 80' lang='grc' dir='ltr'>Κίλλαν</span> 
     </span>
     <span class='ocr_line' id='line_1_51' title="bbox 290 5027 1058 5108; baseline 0.004 -23"><span class='ocrx_word' id='word_1_403' title='bbox 290 5027 431 5107; x_wconf 72' lang='grc' dir='ltr'>ἐξορμῆσαι</span> <span class='ocrx_word' id='word_1_404' title='bbox 449 5029 493 5084; x_wconf 82' lang='grc' dir='ltr'><strong>καί</strong></span> <span class='ocrx_word' id='word_1_405' title='bbox 505 5029 707 5108; x_wconf 78' lang='grc' dir='ltr'>πολιορκήσαντι</span> <span class='ocrx_word' id='word_1_406' title='bbox 726 5029 770 5087; x_wconf 84' lang='grc' dir='ltr'><strong>καί</strong></span> <span class='ocrx_word' id='word_1_407' title='bbox 785 5029 867 5087; x_wconf 80' lang='grc' dir='ltr'>ἑλόντι</span> <span class='ocrx_word' id='word_1_408' title='bbox 882 5030 925 5088; x_wconf 82' lang='grc' dir='ltr'><strong>τὸν</strong></span> <span class='ocrx_word' id='word_1_409' title='bbox 944 5029 1058 5104; x_wconf 83' lang='grc' dir='ltr'>Δαυίδην</span> 
     </span>
     <span class='ocr_line' id='line_1_52' title="bbox 250 5113 1060 5195; baseline 0.004 -22"><span class='ocrx_word' id='word_1_410' title='bbox 250 5139 277 5177; x_wconf 84' lang='grc' dir='ltr'><strong>ιο</strong></span> <span class='ocrx_word' id='word_1_411' title='bbox 292 5119 451 5178; x_wconf 82' lang='grc' dir='ltr'>ἀποκτεῖναι.</span> <span class='ocrx_word' id='word_1_412' title='bbox 491 5119 581 5175; x_wconf 82' lang='grc' dir='ltr'>Ταῦτα</span> <span class='ocrx_word' id='word_1_413' title='bbox 597 5118 619 5174; x_wconf 86' lang='grc' dir='ltr'>δ’</span> <span class='ocrx_word' id='word_1_414' title='bbox 634 5117 782 5192; x_wconf 80' lang='grc' dir='ltr'>αἰσθόμενος</span> <span class='ocrx_word' id='word_1_415' title='bbox 798 5120 811 5174; x_wconf 86' lang='grc' dir='ltr'>θ</span> <span class='ocrx_word' id='word_1_416' title='bbox 825 5113 939 5188; x_wconf 85' lang='grc' dir='ltr'>Δαυίδης</span> <span class='ocrx_word' id='word_1_417' title='bbox 952 5119 997 5176; x_wconf 87' lang='grc' dir='ltr'><strong>καί</strong></span> <span class='ocrx_word' id='word_1_418' title='bbox 1010 5143 1060 5195; x_wconf 85' lang='grc' dir='ltr'><strong>μα·</strong></span> 
     </span>
     <span class='ocr_line' id='line_1_53' title="bbox 290 5199 1059 5283; baseline 0.004 -22"><span class='ocrx_word' id='word_1_419' title='bbox 290 5201 340 5264; x_wconf 83' lang='grc' dir='ltr'>θδιν</span> <span class='ocrx_word' id='word_1_420' title='bbox 353 5199 426 5280; x_wconf 86' lang='grc' dir='ltr'>παρδι</span> <span class='ocrx_word' id='word_1_421' title='bbox 437 5205 482 5258; x_wconf 79' lang='grc' dir='ltr'><strong>τοῦ</strong></span> <span class='ocrx_word' id='word_1_422' title='bbox 496 5204 565 5260; x_wconf 76' lang='grc' dir='ltr'>Θεοῦ</span> <span class='ocrx_word' id='word_1_423' title='bbox 579 5202 616 5259; x_wconf 85' lang='grc' dir='ltr'><strong>ότι</strong></span> <span class='ocrx_word' id='word_1_424' title='bbox 629 5201 751 5280; x_wconf 87' lang='grc' dir='ltr'>μείναντα</span> <span class='ocrx_word' id='word_1_425' title='bbox 763 5205 825 5283; x_wconf 88' lang='grc' dir='ltr'>παρ’</span> <span class='ocrx_word' id='word_1_426' title='bbox 836 5206 919 5270; x_wconf 83' lang='grc' dir='ltr'>αὐτοῖς</span> <span class='ocrx_word' id='word_1_427' title='bbox 930 5207 953 5262; x_wconf 78' lang='grc' dir='ltr'>οἱ</span> <span class='ocrx_word' id='word_1_428' title='bbox 968 5207 1059 5264; x_wconf 85' lang='grc' dir='ltr'>Κιλλῖ·</span> 
     </span>
    </p>
   </div>
   <div class='ocr_carea' id='block_1_5' title="bbox 769 497 1411 575">
    <p class='ocr_par' dir='ltr' id='par_1_9' title="bbox 769 497 1411 575">
     <span class='ocr_line' id='line_1_54' title="bbox 769 497 1411 575; baseline 0.014 -22"><span class='ocrx_word' id='word_1_429' title='bbox 769 497 1049 554; x_wconf 79' lang='grc' dir='ltr'>ΔΡΧΔΙΟΔΟΓΙΔΣ</span> <span class='ocrx_word' id='word_1_430' title='bbox 1070 498 1165 556; x_wconf 80' lang='lat' dir='ltr'><strong>nint.</strong></span> <span class='ocrx_word' id='word_1_431' title='bbox 1188 501 1227 575; x_wconf 65' lang='grc' dir='ltr'><strong>(ζ.</strong></span> <span class='ocrx_word' id='word_1_432' title='bbox 1251 503 1342 561; x_wconf 62' lang='lat' dir='ltr'><strong>litun.</strong></span> <span class='ocrx_word' id='word_1_433' title='bbox 1365 504 1411 562; x_wconf 75' lang='lat' dir='ltr'><strong>ll&#39;.</strong></span> 
     </span>
    </p>
   </div>
   <div class='ocr_carea' id='block_1_6' title="bbox 1725 517 1885 582">
    <p class='ocr_par' dir='ltr' id='par_1_10' title="bbox 1725 517 1885 582">
     <span class='ocr_line' id='line_1_55' title="bbox 1725 517 1885 582; baseline 0.019 -15"><span class='ocrx_word' id='word_1_434' title='bbox 1725 517 1885 582; x_wconf 66' lang='lat' dir='ltr'><strong>[uis-ean]</strong></span> 
     </span>
    </p>
   </div>
   <div class='ocr_carea' id='block_1_7' title="bbox 1104 638 1886 2714">
    <p class='ocr_par' dir='ltr' id='par_1_11' title="bbox 1104 638 1886 2432">
     <span class='ocr_line' id='line_1_56' title="bbox 1105 638 1885 702; baseline 0.013 -17"><span class='ocrx_word' id='word_1_435' title='bbox 1105 638 1137 687; x_wconf 87' lang='lat' dir='ltr'><strong>ob</strong></span> <span class='ocrx_word' id='word_1_436' title='bbox 1150 641 1290 700; x_wconf 82' lang='lat' dir='ltr'><strong>potestatem</strong></span> <span class='ocrx_word' id='word_1_437' title='bbox 1304 644 1434 702; x_wconf 78' lang='lat' dir='ltr'><strong>metueret,</strong></span> <span class='ocrx_word' id='word_1_438' title='bbox 1445 641 1584 692; x_wconf 88' lang='lat' dir='ltr'><strong>itademum</strong></span> <span class='ocrx_word' id='word_1_439' title='bbox 1595 645 1619 692; x_wconf 93' lang='lat' dir='ltr'><strong>iu</strong></span> <span class='ocrx_word' id='word_1_440' title='bbox 1630 645 1741 694; x_wconf 90' lang='lat' dir='ltr'><strong>omnibus</strong></span> <span class='ocrx_word' id='word_1_441' title='bbox 1750 646 1885 696; x_wconf 85' lang='lat' dir='ltr'><strong>insolenter</strong></span> 
     </span>
     <span class='ocr_line' id='line_1_57' title="bbox 1106 720 1886 790; baseline 0.013 -23"><span class='ocrx_word' id='word_1_442' title='bbox 1106 733 1132 768; x_wconf 89' lang='lat' dir='ltr'><strong>se</strong></span> <span class='ocrx_word' id='word_1_443' title='bbox 1145 720 1255 769; x_wconf 86' lang='lat' dir='ltr'><strong>efferunt.</strong></span> <span class='ocrx_word' id='word_1_444' title='bbox 1292 722 1317 770; x_wconf 83' lang='lat' dir='ltr'><strong>si</strong></span> <span class='ocrx_word' id='word_1_445' title='bbox 1328 735 1375 783; x_wconf 85' lang='lat' dir='ltr'><strong>qua</strong></span> <span class='ocrx_word' id='word_1_446' title='bbox 1391 737 1447 773; x_wconf 84' lang='lat' dir='ltr'><strong>reru</strong></span> <span class='ocrx_word' id='word_1_447' title='bbox 1458 731 1500 774; x_wconf 91' lang='lat' dir='ltr'><strong>aut</strong></span> <span class='ocrx_word' id='word_1_448' title='bbox 1510 726 1647 787; x_wconf 77' lang='lat' dir='ltr'><strong>timuerint,</strong></span> <span class='ocrx_word' id='word_1_449' title='bbox 1657 729 1713 790; x_wconf 83' lang='lat' dir='ltr'><strong>quia</strong></span> <span class='ocrx_word' id='word_1_450' title='bbox 1724 730 1814 777; x_wconf 87' lang='lat' dir='ltr'><strong>nescio</strong></span> <span class='ocrx_word' id='word_1_451' title='bbox 1828 729 1886 790; x_wconf 91' lang='lat' dir='ltr'><strong>quid</strong></span> 
     </span>
     <span class='ocr_line' id='line_1_58' title="bbox 1105 799 1886 870; baseline 0.015 -24"><span class='ocrx_word' id='word_1_452' title='bbox 1105 799 1255 861; x_wconf 72' lang='lat' dir='ltr'>audiverint,</span> <span class='ocrx_word' id='word_1_453' title='bbox 1264 806 1306 850; x_wconf 90' lang='lat' dir='ltr'><strong>aut</strong></span> <span class='ocrx_word' id='word_1_454' title='bbox 1316 802 1423 864; x_wconf 85' lang='lat' dir='ltr'><strong>oderint,</strong></span> <span class='ocrx_word' id='word_1_455' title='bbox 1435 805 1532 867; x_wconf 81' lang='lat' dir='ltr'><strong>quisita</strong></span> <span class='ocrx_word' id='word_1_456' title='bbox 1542 805 1588 856; x_wconf 89' lang='lat' dir='ltr'><strong>illis</strong></span> <span class='ocrx_word' id='word_1_457' title='bbox 1597 807 1725 870; x_wconf 87' lang='lat' dir='ltr'><strong>placuerit,</strong></span> <span class='ocrx_word' id='word_1_458' title='bbox 1734 811 1784 857; x_wconf 86' lang='lat' dir='ltr'><strong>aut</strong></span> <span class='ocrx_word' id='word_1_459' title='bbox 1794 813 1886 858; x_wconf 88' lang='lat' dir='ltr'><strong>temere</strong></span> 
     </span>
     <span class='ocr_line' id='line_1_59' title="bbox 1106 882 1886 949; baseline 0.015 -22"><span class='ocrx_word' id='word_1_460' title='bbox 1106 882 1252 942; x_wconf 80' lang='lat' dir='ltr'><strong>amaverint,</strong></span> <span class='ocrx_word' id='word_1_461' title='bbox 1269 883 1320 931; x_wconf 76' lang='lat' dir='ltr'><strong>llaec</strong></span> <span class='ocrx_word' id='word_1_462' title='bbox 1335 889 1385 933; x_wconf 89' lang='lat' dir='ltr'><strong>rata</strong></span> <span class='ocrx_word' id='word_1_463' title='bbox 1399 891 1424 933; x_wconf 90' lang='lat' dir='ltr'><strong>et</strong></span> <span class='ocrx_word' id='word_1_464' title='bbox 1437 885 1505 934; x_wconf 78' lang='lat' dir='ltr'><strong>timna</strong></span> <span class='ocrx_word' id='word_1_465' title='bbox 1516 891 1542 936; x_wconf 91' lang='lat' dir='ltr'><strong>et</strong></span> <span class='ocrx_word' id='word_1_466' title='bbox 1553 901 1609 937; x_wconf 83' lang='lat' dir='ltr'><strong>aera</strong></span> <span class='ocrx_word' id='word_1_467' title='bbox 1620 893 1693 949; x_wconf 89' lang='lat' dir='ltr'><strong>atque</strong></span> <span class='ocrx_word' id='word_1_468' title='bbox 1704 889 1850 939; x_wconf 81' lang='lat' dir='ltr'><strong>hominibus</strong></span> <span class='ocrx_word' id='word_1_469' title='bbox 1862 897 1886 939; x_wconf 89' lang='lat' dir='ltr'><strong>et</strong></span> 
     </span>
     <span class='ocr_line' id='line_1_60' title="bbox 1107 961 1885 1020; baseline 0.017 -14"><span class='ocrx_word' id='word_1_470' title='bbox 1107 961 1155 1006; x_wconf 87' lang='lat' dir='ltr'><strong>Deo</strong></span> <span class='ocrx_word' id='word_1_471' title='bbox 1176 967 1241 1020; x_wconf 88' lang='lat' dir='ltr'><strong>grata</strong></span> <span class='ocrx_word' id='word_1_472' title='bbox 1260 963 1403 1010; x_wconf 82' lang='lat' dir='ltr'><strong>existimant.</strong></span> <span class='ocrx_word' id='word_1_473' title='bbox 1446 970 1476 1014; x_wconf 79' lang='lat' dir='ltr'><strong>nt</strong></span> <span class='ocrx_word' id='word_1_474' title='bbox 1493 965 1629 1016; x_wconf 84' lang='lat' dir='ltr'><strong>futurorum</strong></span> <span class='ocrx_word' id='word_1_475' title='bbox 1646 969 1737 1017; x_wconf 88' lang='lat' dir='ltr'><strong>nullam</strong></span> <span class='ocrx_word' id='word_1_476' title='bbox 1760 970 1885 1018; x_wconf 88' lang='lat' dir='ltr'><strong>rationem</strong></span> 
     </span>
     <span class='ocr_line' id='line_1_61' title="bbox 1106 1037 1886 1110; baseline 0.021 -25"><span class='ocrx_word' id='word_1_477' title='bbox 1106 1037 1210 1100; x_wconf 87' lang='lat' dir='ltr'><strong>liabent,</strong></span> <span class='ocrx_word' id='word_1_478' title='bbox 1227 1041 1267 1089; x_wconf 94' lang='lat' dir='ltr'><strong>sed</strong></span> <span class='ocrx_word' id='word_1_479' title='bbox 1283 1043 1349 1102; x_wconf 90' lang='lat' dir='ltr'><strong>illos,</strong></span> <span class='ocrx_word' id='word_1_480' title='bbox 1360 1044 1402 1105; x_wconf 91' lang='lat' dir='ltr'><strong>qui</strong></span> <span class='ocrx_word' id='word_1_481' title='bbox 1418 1046 1507 1094; x_wconf 91' lang='lat' dir='ltr'><strong>multas</strong></span> <span class='ocrx_word' id='word_1_482' title='bbox 1522 1061 1565 1109; x_wconf 87' lang='lat' dir='ltr'><strong>pro</strong></span> <span class='ocrx_word' id='word_1_483' title='bbox 1580 1048 1639 1110; x_wconf 89' lang='lat' dir='ltr'><strong>ipsis</strong></span> <span class='ocrx_word' id='word_1_484' title='bbox 1650 1051 1807 1099; x_wconf 75' lang='lat' dir='ltr'><strong>exsultarunt</strong></span> <span class='ocrx_word' id='word_1_485' title='bbox 1821 1053 1886 1101; x_wconf 75' lang='lat' dir='ltr'><strong>labo</strong></span> 
     </span>
     <span class='ocr_line' id='line_1_62' title="bbox 1107 1121 1886 1194; baseline 0.022 -27"><span class='ocrx_word' id='word_1_486' title='bbox 1107 1133 1155 1178; x_wconf 90' lang='lat' dir='ltr'><strong>rcs,</strong></span> <span class='ocrx_word' id='word_1_487' title='bbox 1167 1121 1254 1172; x_wconf 83' lang='lat' dir='ltr'><strong>lionore</strong></span> <span class='ocrx_word' id='word_1_488' title='bbox 1269 1124 1365 1186; x_wconf 91' lang='lat' dir='ltr'><strong>quidem</strong></span> <span class='ocrx_word' id='word_1_489' title='bbox 1375 1133 1558 1190; x_wconf 90' lang='lat' dir='ltr'><strong>prosequuntur,</strong></span> <span class='ocrx_word' id='word_1_490' title='bbox 1570 1136 1652 1192; x_wconf 85' lang='lat' dir='ltr'><strong>postea</strong></span> <span class='ocrx_word' id='word_1_491' title='bbox 1668 1145 1724 1180; x_wconf 84' lang='lat' dir='ltr'><strong>vero</strong></span> <span class='ocrx_word' id='word_1_492' title='bbox 1733 1133 1848 1194; x_wconf 78' lang='lat' dir='ltr'><strong>inridia3</strong></span> <span class='ocrx_word' id='word_1_493' title='bbox 1858 1149 1886 1184; x_wconf 83' lang='grc' dir='ltr'><strong>ιο</strong></span> 
     </span>
     <span class='ocr_line' id='line_1_63' title="bbox 1105 1205 1883 1276; baseline 0.023 -26"><span class='ocrx_word' id='word_1_494' title='bbox 1105 1217 1179 1264; x_wconf 90' lang='lat' dir='ltr'><strong>quum</strong></span> <span class='ocrx_word' id='word_1_495' title='bbox 1191 1205 1222 1254; x_wconf 90' lang='lat' dir='ltr'><strong>ad</strong></span> <span class='ocrx_word' id='word_1_496' title='bbox 1235 1205 1372 1266; x_wconf 87' lang='lat' dir='ltr'><strong>dignitatem</strong></span> <span class='ocrx_word' id='word_1_497' title='bbox 1384 1211 1500 1262; x_wconf 79' lang='lat' dir='ltr'><strong>illustrem</strong></span> <span class='ocrx_word' id='word_1_498' title='bbox 1515 1215 1653 1276; x_wconf 80' lang='lat' dir='ltr'><strong>evexerint,</strong></span> <span class='ocrx_word' id='word_1_499' title='bbox 1664 1229 1711 1264; x_wconf 92' lang='lat' dir='ltr'><strong>nan</strong></span> <span class='ocrx_word' id='word_1_500' title='bbox 1726 1217 1812 1266; x_wconf 88' lang='lat' dir='ltr'><strong>sulum</strong></span> <span class='ocrx_word' id='word_1_501' title='bbox 1830 1233 1883 1267; x_wconf 86' lang='lat' dir='ltr'><strong>eam</strong></span> 
     </span>
     <span class='ocr_line' id='line_1_64' title="bbox 1105 1285 1884 1362; baseline 0.023 -30"><span class='ocrx_word' id='word_1_502' title='bbox 1105 1285 1203 1348; x_wconf 88' lang='lat' dir='ltr'><strong>adeptos</strong></span> <span class='ocrx_word' id='word_1_503' title='bbox 1214 1292 1361 1350; x_wconf 79' lang='lat' dir='ltr'><strong>possessione</strong></span> <span class='ocrx_word' id='word_1_504' title='bbox 1376 1292 1510 1355; x_wconf 90' lang='lat' dir='ltr'><strong>depellunt,</strong></span> <span class='ocrx_word' id='word_1_505' title='bbox 1525 1295 1568 1344; x_wconf 90' lang='lat' dir='ltr'><strong>sed</strong></span> <span class='ocrx_word' id='word_1_506' title='bbox 1579 1300 1603 1345; x_wconf 87' lang='lat' dir='ltr'><strong>et</strong></span> <span class='ocrx_word' id='word_1_507' title='bbox 1618 1304 1714 1360; x_wconf 91' lang='lat' dir='ltr'><strong>propter</strong></span> <span class='ocrx_word' id='word_1_508' title='bbox 1728 1313 1787 1348; x_wconf 85' lang='lat' dir='ltr'><strong>eam</strong></span> <span class='ocrx_word' id='word_1_509' title='bbox 1805 1301 1884 1362; x_wconf 82' lang='lat' dir='ltr'><strong>ipsam</strong></span> 
     </span>
     <span class='ocr_line' id='line_1_65' title="bbox 1105 1368 1883 1446; baseline 0.021 -29"><span class='ocrx_word' id='word_1_510' title='bbox 1105 1368 1135 1418; x_wconf 92' lang='lat' dir='ltr'><strong>de</strong></span> <span class='ocrx_word' id='word_1_511' title='bbox 1145 1373 1205 1430; x_wconf 87' lang='lat' dir='ltr'><strong>rita,</strong></span> <span class='ocrx_word' id='word_1_512' title='bbox 1214 1372 1285 1434; x_wconf 90' lang='lat' dir='ltr'><strong>idque</strong></span> <span class='ocrx_word' id='word_1_513' title='bbox 1296 1388 1324 1421; x_wconf 82' lang='lat' dir='ltr'><strong>ex</strong></span> <span class='ocrx_word' id='word_1_514' title='bbox 1335 1376 1539 1427; x_wconf 81' lang='lat' dir='ltr'><strong>criminationibus</strong></span> <span class='ocrx_word' id='word_1_515' title='bbox 1552 1380 1652 1446; x_wconf 83' lang='lat' dir='ltr'><strong>maligne</strong></span> <span class='ocrx_word' id='word_1_516' title='bbox 1661 1383 1785 1440; x_wconf 90' lang='lat' dir='ltr'><strong>confictis,</strong></span> <span class='ocrx_word' id='word_1_517' title='bbox 1797 1390 1883 1434; x_wconf 67' lang='lat' dir='ltr'><strong>tantm</strong></span> 
     </span>
     <span class='ocr_line' id='line_1_66' title="bbox 1105 1457 1876 1530; baseline 0.023 -30"><span class='ocrx_word' id='word_1_518' title='bbox 1105 1465 1152 1513; x_wconf 91' lang='lat' dir='ltr'><strong>que</strong></span> <span class='ocrx_word' id='word_1_519' title='bbox 1160 1457 1329 1515; x_wconf 77' lang='lat' dir='ltr'><strong>magnitudinis</strong></span> <span class='ocrx_word' id='word_1_520' title='bbox 1339 1462 1366 1506; x_wconf 94' lang='lat' dir='ltr'><strong>ut</strong></span> <span class='ocrx_word' id='word_1_521' title='bbox 1374 1461 1422 1508; x_wconf 87' lang='lat' dir='ltr'><strong>sint</strong></span> <span class='ocrx_word' id='word_1_522' title='bbox 1432 1461 1589 1512; x_wconf 79' lang='lat' dir='ltr'><strong>incredibiles.</strong></span> <span class='ocrx_word' id='word_1_523' title='bbox 1623 1465 1688 1521; x_wconf 87' lang='lat' dir='ltr'><strong>Quin</strong></span> <span class='ocrx_word' id='word_1_524' title='bbox 1698 1471 1722 1515; x_wconf 89' lang='lat' dir='ltr'><strong>et</strong></span> <span class='ocrx_word' id='word_1_525' title='bbox 1732 1481 1816 1529; x_wconf 89' lang='lat' dir='ltr'><strong>neque</strong></span> <span class='ocrx_word' id='word_1_526' title='bbox 1829 1483 1876 1530; x_wconf 68' lang='lat' dir='ltr'><strong>pue·</strong></span> 
     </span>
     <span class='ocr_line' id='line_1_67' title="bbox 1105 1535 1883 1606; baseline 0.019 -24"><span class='ocrx_word' id='word_1_527' title='bbox 1105 1546 1148 1582; x_wconf 86' lang='lat' dir='ltr'><strong>nas</strong></span> <span class='ocrx_word' id='word_1_528' title='bbox 1159 1535 1266 1597; x_wconf 87' lang='lat' dir='ltr'><strong>infligunt</strong></span> <span class='ocrx_word' id='word_1_529' title='bbox 1274 1539 1305 1586; x_wconf 89' lang='lat' dir='ltr'><strong>ob</strong></span> <span class='ocrx_word' id='word_1_530' title='bbox 1315 1540 1416 1589; x_wconf 88' lang='lat' dir='ltr'><strong>facinora</strong></span> <span class='ocrx_word' id='word_1_531' title='bbox 1431 1543 1545 1604; x_wconf 85' lang='lat' dir='ltr'><strong>supplicio</strong></span> <span class='ocrx_word' id='word_1_532' title='bbox 1555 1545 1639 1606; x_wconf 87' lang='lat' dir='ltr'><strong>digna,</strong></span> <span class='ocrx_word' id='word_1_533' title='bbox 1650 1547 1692 1595; x_wconf 87' lang='lat' dir='ltr'><strong>sed</strong></span> <span class='ocrx_word' id='word_1_534' title='bbox 1703 1548 1736 1597; x_wconf 80' lang='lat' dir='ltr'><strong>ol)</strong></span> <span class='ocrx_word' id='word_1_535' title='bbox 1746 1551 1883 1597; x_wconf 77' lang='lat' dir='ltr'><strong>calumnias</strong></span> 
     </span>
     <span class='ocr_line' id='line_1_68' title="bbox 1105 1613 1881 1690; baseline 0.023 -29"><span class='ocrx_word' id='word_1_536' title='bbox 1105 1617 1130 1662; x_wconf 93' lang='lat' dir='ltr'><strong>et</strong></span> <span class='ocrx_word' id='word_1_537' title='bbox 1138 1613 1267 1666; x_wconf 78' lang='lat' dir='ltr'><strong>delationes</strong></span> <span class='ocrx_word' id='word_1_538' title='bbox 1281 1618 1372 1682; x_wconf 66' lang='lat' dir='ltr'><strong>eumue</strong></span> <span class='ocrx_word' id='word_1_539' title='bbox 1387 1621 1436 1670; x_wconf 90' lang='lat' dir='ltr'><strong>ullo</strong></span> <span class='ocrx_word' id='word_1_540' title='bbox 1448 1623 1573 1684; x_wconf 81' lang='lat' dir='ltr'><strong>examine,</strong></span> <span class='ocrx_word' id='word_1_541' title='bbox 1591 1638 1669 1688; x_wconf 87' lang='lat' dir='ltr'><strong>neque</strong></span> <span class='ocrx_word' id='word_1_542' title='bbox 1680 1627 1704 1674; x_wconf 90' lang='lat' dir='ltr'><strong>ia</strong></span> <span class='ocrx_word' id='word_1_543' title='bbox 1716 1641 1784 1690; x_wconf 90' lang='lat' dir='ltr'><strong>quos</strong></span> <span class='ocrx_word' id='word_1_544' title='bbox 1797 1634 1881 1678; x_wconf 80' lang='lat' dir='ltr'><strong>saevire</strong></span> 
     </span>
     <span class='ocr_line' id='line_1_69' title="bbox 1105 1698 1882 1774; baseline 0.026 -32"><span class='ocrx_word' id='word_1_545' title='bbox 1105 1698 1213 1760; x_wconf 88' lang='lat' dir='ltr'><strong>oportet,</strong></span> <span class='ocrx_word' id='word_1_546' title='bbox 1227 1698 1269 1747; x_wconf 90' lang='lat' dir='ltr'><strong>sed</strong></span> <span class='ocrx_word' id='word_1_547' title='bbox 1282 1712 1438 1766; x_wconf 87' lang='lat' dir='ltr'><strong>quoacunque</strong></span> <span class='ocrx_word' id='word_1_548' title='bbox 1449 1709 1549 1765; x_wconf 79' lang='lat' dir='ltr'><strong>possum</strong></span> <span class='ocrx_word' id='word_1_549' title='bbox 1558 1711 1634 1755; x_wconf 88' lang='lat' dir='ltr'><strong>morte</strong></span> <span class='ocrx_word' id='word_1_550' title='bbox 1643 1707 1748 1758; x_wconf 75' lang='lat' dir='ltr'><strong>adicere.</strong></span> <span class='ocrx_word' id='word_1_551' title='bbox 1780 1712 1810 1760; x_wconf 92' lang='lat' dir='ltr'><strong>Id</strong></span> <span class='ocrx_word' id='word_1_552' title='bbox 1819 1713 1882 1774; x_wconf 88' lang='lat' dir='ltr'><strong>quad</strong></span> 
     </span>
     <span class='ocr_line' id='line_1_70' title="bbox 1106 1779 1879 1856; baseline 0.025 -30"><span class='ocrx_word' id='word_1_553' title='bbox 1106 1779 1191 1828; x_wconf 84' lang='lat' dir='ltr'><strong>Saulus</strong></span> <span class='ocrx_word' id='word_1_554' title='bbox 1200 1782 1250 1831; x_wconf 83' lang='lat' dir='ltr'><strong>cisi</strong></span> <span class='ocrx_word' id='word_1_555' title='bbox 1261 1784 1336 1843; x_wconf 88' lang='lat' dir='ltr'><strong>lilius,</strong></span> <span class='ocrx_word' id='word_1_556' title='bbox 1345 1786 1386 1846; x_wconf 89' lang='lat' dir='ltr'><strong>qui</strong></span> <span class='ocrx_word' id='word_1_557' title='bbox 1397 1787 1504 1848; x_wconf 87' lang='lat' dir='ltr'><strong>primus,</strong></span> <span class='ocrx_word' id='word_1_558' title='bbox 1512 1791 1638 1852; x_wconf 73' lang='lat' dir='ltr'><strong>postqum</strong></span> <span class='ocrx_word' id='word_1_559' title='bbox 1648 1791 1718 1842; x_wconf 86' lang='lat' dir='ltr'><strong>desiit</strong></span> <span class='ocrx_word' id='word_1_560' title='bbox 1726 1795 1879 1856; x_wconf 90' lang='lat' dir='ltr'><strong>optimatium</strong></span> 
     </span>
     <span class='ocr_line' id='line_1_71' title="bbox 1106 1867 1879 1939; baseline 0.026 -32"><span class='ocrx_word' id='word_1_561' title='bbox 1106 1867 1182 1912; x_wconf 89' lang='lat' dir='ltr'><strong>status</strong></span> <span class='ocrx_word' id='word_1_562' title='bbox 1192 1871 1217 1913; x_wconf 89' lang='lat' dir='ltr'><strong>et</strong></span> <span class='ocrx_word' id='word_1_563' title='bbox 1226 1867 1345 1927; x_wconf 88' lang='lat' dir='ltr'><strong>regiminis</strong></span> <span class='ocrx_word' id='word_1_564' title='bbox 1352 1868 1397 1916; x_wconf 87' lang='lat' dir='ltr'><strong>sub</strong></span> <span class='ocrx_word' id='word_1_565' title='bbox 1405 1868 1533 1920; x_wconf 79' lang='lat' dir='ltr'><strong>iudicibus</strong></span> <span class='ocrx_word' id='word_1_566' title='bbox 1540 1873 1630 1934; x_wconf 87' lang='lat' dir='ltr'><strong>forma,</strong></span> <span class='ocrx_word' id='word_1_567' title='bbox 1641 1874 1667 1923; x_wconf 91' lang='lat' dir='ltr'><strong>in</strong></span> <span class='ocrx_word' id='word_1_568' title='bbox 1679 1876 1790 1925; x_wconf 79' lang='lat' dir='ltr'><strong>Hebraeis</strong></span> <span class='ocrx_word' id='word_1_569' title='bbox 1800 1891 1879 1939; x_wconf 84' lang='lat' dir='ltr'><strong>regua·</strong></span> 
     </span>
     <span class='ocr_line' id='line_1_72' title="bbox 1106 1945 1878 2016; baseline 0.023 -23"><span class='ocrx_word' id='word_1_570' title='bbox 1106 1945 1156 2006; x_wconf 85' lang='lat' dir='ltr'><strong>vit,</strong></span> <span class='ocrx_word' id='word_1_571' title='bbox 1172 1947 1241 1998; x_wconf 86' lang='lat' dir='ltr'><strong>nobis</strong></span> <span class='ocrx_word' id='word_1_572' title='bbox 1258 1950 1409 2000; x_wconf 88' lang='lat' dir='ltr'><strong>manifestum</strong></span> <span class='ocrx_word' id='word_1_573' title='bbox 1426 1952 1499 2014; x_wconf 85' lang='lat' dir='ltr'><strong>fecit,</strong></span> <span class='ocrx_word' id='word_1_574' title='bbox 1517 1955 1560 2016; x_wconf 91' lang='lat' dir='ltr'><strong>qui</strong></span> <span class='ocrx_word' id='word_1_575' title='bbox 1576 1957 1697 2007; x_wconf 80' lang='grc' dir='ltr'>ιτοοοιιιοο</span> <span class='ocrx_word' id='word_1_576' title='bbox 1708 1959 1878 2010; x_wconf 75' lang='lat' dir='ltr'><strong>sace-doteset</strong></span> 
     </span>
     <span class='ocr_line' id='line_1_73' title="bbox 1106 2033 1878 2106; baseline 0.019 -27"><span class='ocrx_word' id='word_1_577' title='bbox 1106 2033 1232 2095; x_wconf 81' lang='lat' dir='ltr'><strong>prophetas</strong></span> <span class='ocrx_word' id='word_1_578' title='bbox 1245 2041 1340 2098; x_wconf 89' lang='lat' dir='ltr'><strong>propter</strong></span> <span class='ocrx_word' id='word_1_579' title='bbox 1349 2040 1489 2099; x_wconf 89' lang='lat' dir='ltr'><strong>suspectum</strong></span> <span class='ocrx_word' id='word_1_580' title='bbox 1503 2039 1696 2090; x_wconf 78' lang='lat' dir='ltr'><strong>Achimelmliam</strong></span> <span class='ocrx_word' id='word_1_581' title='bbox 1707 2043 1814 2102; x_wconf 87' lang='lat' dir='ltr'><strong>occidit,</strong></span> <span class='ocrx_word' id='word_1_582' title='bbox 1830 2059 1878 2106; x_wconf 88' lang='lat' dir='ltr'><strong>por·</strong></span> 
     </span>
     <span class='ocr_line' id='line_1_74' title="bbox 1106 2121 1879 2191; baseline 0.016 -23"><span class='ocrx_word' id='word_1_583' title='bbox 1106 2135 1181 2181; x_wconf 80' lang='lat' dir='ltr'><strong>reque</strong></span> <span class='ocrx_word' id='word_1_584' title='bbox 1194 2121 1278 2169; x_wconf 82' lang='lat' dir='ltr'><strong>urbem</strong></span> <span class='ocrx_word' id='word_1_585' title='bbox 1289 2135 1374 2170; x_wconf 85' lang='lat' dir='ltr'><strong>eurum</strong></span> <span class='ocrx_word' id='word_1_586' title='bbox 1385 2123 1493 2173; x_wconf 85' lang='lat' dir='ltr'><strong>funditus</strong></span> <span class='ocrx_word' id='word_1_587' title='bbox 1503 2126 1592 2174; x_wconf 82' lang='lat' dir='ltr'><strong>evertit</strong></span> <span class='ocrx_word' id='word_1_588' title='bbox 1600 2132 1625 2175; x_wconf 92' lang='lat' dir='ltr'><strong>et</strong></span> <span class='ocrx_word' id='word_1_589' title='bbox 1633 2127 1752 2189; x_wconf 86' lang='lat' dir='ltr'><strong>templum</strong></span> <span class='ocrx_word' id='word_1_590' title='bbox 1765 2131 1879 2191; x_wconf 85' lang='lat' dir='ltr'><strong>quodam·</strong></span> 
     </span>
     <span class='ocr_line' id='line_1_75' title="bbox 1106 2203 1876 2272; baseline 0.017 -22"><span class='ocrx_word' id='word_1_591' title='bbox 1106 2203 1177 2252; x_wconf 87' lang='lat' dir='ltr'><strong>inodo</strong></span> <span class='ocrx_word' id='word_1_592' title='bbox 1188 2206 1335 2252; x_wconf 86' lang='lat' dir='ltr'><strong>sacerdotum</strong></span> <span class='ocrx_word' id='word_1_593' title='bbox 1347 2213 1370 2254; x_wconf 92' lang='lat' dir='ltr'><strong>et</strong></span> <span class='ocrx_word' id='word_1_594' title='bbox 1388 2208 1557 2269; x_wconf 83' lang='lat' dir='ltr'><strong>prophetarum</strong></span> <span class='ocrx_word' id='word_1_595' title='bbox 1575 2209 1644 2259; x_wconf 87' lang='lat' dir='ltr'><strong>inane</strong></span> <span class='ocrx_word' id='word_1_596' title='bbox 1661 2213 1761 2261; x_wconf 85' lang='lat' dir='ltr'><strong>reddere</strong></span> <span class='ocrx_word' id='word_1_597' title='bbox 1774 2213 1876 2272; x_wconf 74' lang='lat' dir='ltr'><strong>studuit,</strong></span> 
     </span>
     <span class='ocr_line' id='line_1_76' title="bbox 1104 2287 1875 2354; baseline 0.014 -21"><span class='ocrx_word' id='word_1_598' title='bbox 1104 2299 1179 2346; x_wconf 89' lang='lat' dir='ltr'><strong>quum</strong></span> <span class='ocrx_word' id='word_1_599' title='bbox 1196 2292 1231 2336; x_wconf 91' lang='lat' dir='ltr'><strong>tot</strong></span> <span class='ocrx_word' id='word_1_600' title='bbox 1245 2287 1342 2348; x_wconf 87' lang='lat' dir='ltr'><strong>quidem</strong></span> <span class='ocrx_word' id='word_1_601' title='bbox 1356 2289 1514 2350; x_wconf 77' lang='lat' dir='ltr'><strong>interfecerit,</strong></span> <span class='ocrx_word' id='word_1_602' title='bbox 1528 2293 1554 2341; x_wconf 88' lang='lat' dir='ltr'><strong>et</strong></span> <span class='ocrx_word' id='word_1_603' title='bbox 1568 2305 1613 2340; x_wconf 87' lang='lat' dir='ltr'><strong>nec</strong></span> <span class='ocrx_word' id='word_1_604' title='bbox 1626 2293 1725 2354; x_wconf 90' lang='lat' dir='ltr'><strong>patriam</strong></span> <span class='ocrx_word' id='word_1_605' title='bbox 1743 2307 1830 2344; x_wconf 88' lang='lat' dir='ltr'><strong>eorum</strong></span> <span class='ocrx_word' id='word_1_606' title='bbox 1840 2309 1875 2344; x_wconf 88' lang='lat' dir='ltr'><strong>su-</strong></span> 
     </span>
     <span class='ocr_line' id='line_1_77' title="bbox 1106 2369 1796 2432; baseline 0.014 -18"><span class='ocrx_word' id='word_1_607' title='bbox 1106 2380 1199 2427; x_wconf 71' lang='lat' dir='ltr'><strong>peresse</strong></span> <span class='ocrx_word' id='word_1_608' title='bbox 1209 2382 1291 2428; x_wconf 59' lang='lat' dir='ltr'><strong>prasus</strong></span> <span class='ocrx_word' id='word_1_609' title='bbox 1305 2369 1390 2428; x_wconf 92' lang='lat' dir='ltr'><strong>fuerit,</strong></span> <span class='ocrx_word' id='word_1_610' title='bbox 1401 2372 1473 2418; x_wconf 88' lang='lat' dir='ltr'><strong>otalii</strong></span> <span class='ocrx_word' id='word_1_611' title='bbox 1488 2376 1542 2432; x_wconf 89' lang='lat' dir='ltr'><strong>post</strong></span> <span class='ocrx_word' id='word_1_612' title='bbox 1551 2372 1603 2421; x_wconf 90' lang='lat' dir='ltr'><strong>illos</strong></span> <span class='ocrx_word' id='word_1_613' title='bbox 1612 2375 1796 2424; x_wconf 82' lang='lat' dir='ltr'><strong>suscitarentur.</strong></span> 
     </span>
    </p>

    <p class='ocr_par' dir='ltr' id='par_1_12' title="bbox 1106 2457 1874 2714">
     <span class='ocr_line' id='line_1_78' title="bbox 1136 2457 1874 2533; baseline 0.015 -27"><span class='ocrx_word' id='word_1_614' title='bbox 1136 2461 1159 2506; x_wconf 82' lang='grc'><strong>8.</strong></span> <span class='ocrx_word' id='word_1_615' title='bbox 1175 2457 1403 2533; x_wconf 78' lang='grc' dir='ltr'>ΑυίειιΙιοτιιεαιιιοιιι</span> <span class='ocrx_word' id='word_1_616' title='bbox 1412 2460 1570 2510; x_wconf 78' lang='grc' dir='ltr'>ΑοΙιίιυοΙσοΙιί</span> <span class='ocrx_word' id='word_1_617' title='bbox 1578 2462 1653 2524; x_wconf 83' lang='lat' dir='ltr'><strong>filius,</strong></span> <span class='ocrx_word' id='word_1_618' title='bbox 1664 2465 1780 2527; x_wconf 88' lang='lat' dir='ltr'><strong>quisolus</strong></span> <span class='ocrx_word' id='word_1_619' title='bbox 1787 2479 1874 2516; x_wconf 80' lang='lat' dir='ltr'><strong>consec</strong></span> 
     </span>
     <span class='ocr_line' id='line_1_79' title="bbox 1106 2552 1874 2621; baseline 0.017 -24"><span class='ocrx_word' id='word_1_620' title='bbox 1106 2552 1154 2599; x_wconf 80' lang='lat' dir='ltr'><strong>ruri</strong></span> <span class='ocrx_word' id='word_1_621' title='bbox 1162 2553 1238 2613; x_wconf 78' lang='lat' dir='ltr'><strong>potuit</strong></span> <span class='ocrx_word' id='word_1_622' title='bbox 1248 2565 1277 2601; x_wconf 83' lang='lat' dir='ltr'><strong>cx</strong></span> <span class='ocrx_word' id='word_1_623' title='bbox 1288 2553 1360 2614; x_wconf 88' lang='lat' dir='ltr'><strong>stirpe</strong></span> <span class='ocrx_word' id='word_1_624' title='bbox 1369 2555 1519 2604; x_wconf 87' lang='lat' dir='ltr'><strong>sacerdotum</strong></span> <span class='ocrx_word' id='word_1_625' title='bbox 1531 2570 1545 2604; x_wconf 90' lang='lat' dir='ltr'><strong>a</strong></span> <span class='ocrx_word' id='word_1_626' title='bbox 1555 2558 1627 2606; x_wconf 86' lang='lat' dir='ltr'><strong>saulo</strong></span> <span class='ocrx_word' id='word_1_627' title='bbox 1635 2567 1826 2621; x_wconf 88' lang='lat' dir='ltr'><strong>pereruptorum,</strong></span> <span class='ocrx_word' id='word_1_628' title='bbox 1833 2565 1874 2609; x_wconf 87' lang='lat' dir='ltr'><strong>na·</strong></span> 
     </span>
     <span class='ocr_line' id='line_1_80' title="bbox 1106 2643 1874 2714; baseline 0.013 -24"><span class='ocrx_word' id='word_1_629' title='bbox 1106 2643 1183 2692; x_wconf 77' lang='lat' dir='ltr'><strong>sideru</strong></span> <span class='ocrx_word' id='word_1_630' title='bbox 1191 2658 1261 2693; x_wconf 87' lang='lat' dir='ltr'><strong>cursu</strong></span> <span class='ocrx_word' id='word_1_631' title='bbox 1271 2650 1442 2706; x_wconf 86' lang='lat' dir='ltr'><strong>consequutus,</strong></span> <span class='ocrx_word' id='word_1_632' title='bbox 1451 2660 1548 2697; x_wconf 89' lang='lat' dir='ltr'><strong>suarum</strong></span> <span class='ocrx_word' id='word_1_633' title='bbox 1557 2651 1664 2700; x_wconf 92' lang='lat' dir='ltr'><strong>omnium</strong></span> <span class='ocrx_word' id='word_1_634' title='bbox 1671 2652 1765 2701; x_wconf 86' lang='lat' dir='ltr'><strong>cladem</strong></span> <span class='ocrx_word' id='word_1_635' title='bbox 1772 2659 1798 2702; x_wconf 92' lang='lat' dir='ltr'><strong>et</strong></span> <span class='ocrx_word' id='word_1_636' title='bbox 1805 2654 1874 2714; x_wconf 88' lang='lat' dir='ltr'><strong>patris</strong></span> 
     </span>
    </p>
   </div>
   <div class='ocr_carea' id='block_1_8' title="bbox 1105 2735 1873 3172">
    <p class='ocr_par' dir='ltr' id='par_1_13' title="bbox 1105 2735 1873 3172">
     <span class='ocr_line' id='line_1_81' title="bbox 1105 2735 1873 2795; baseline 0.018 -13"><span class='ocrx_word' id='word_1_637' title='bbox 1105 2735 1226 2784; x_wconf 86' lang='lat' dir='ltr'><strong>interitum</strong></span> <span class='ocrx_word' id='word_1_638' title='bbox 1245 2737 1265 2785; x_wconf 93' lang='lat' dir='ltr'><strong>ei</strong></span> <span class='ocrx_word' id='word_1_639' title='bbox 1282 2739 1413 2786; x_wconf 84' lang='lat' dir='ltr'><strong>nunciavit.</strong></span> <span class='ocrx_word' id='word_1_640' title='bbox 1446 2740 1489 2787; x_wconf 90' lang='lat' dir='ltr'><strong>lile</strong></span> <span class='ocrx_word' id='word_1_641' title='bbox 1509 2752 1564 2789; x_wconf 80' lang='lat' dir='ltr'><strong>vero</strong></span> <span class='ocrx_word' id='word_1_642' title='bbox 1582 2741 1674 2792; x_wconf 86' lang='lat' dir='ltr'><strong>dloebat</strong></span> <span class='ocrx_word' id='word_1_643' title='bbox 1687 2757 1713 2795; x_wconf 82' lang='lat' dir='ltr'><strong>se</strong></span> <span class='ocrx_word' id='word_1_644' title='bbox 1724 2745 1780 2794; x_wconf 83' lang='lat' dir='ltr'><strong>viso</strong></span> <span class='ocrx_word' id='word_1_645' title='bbox 1798 2751 1873 2795; x_wconf 83' lang='lat' dir='ltr'><strong>noem</strong></span> 
     </span>
     <span class='ocr_line' id='line_1_82' title="bbox 1105 2833 1872 2895; baseline 0.013 -16"><span class='ocrx_word' id='word_1_646' title='bbox 1105 2847 1150 2879; x_wconf 83' lang='lat' dir='ltr'><strong>aion</strong></span> <span class='ocrx_word' id='word_1_647' title='bbox 1159 2833 1278 2892; x_wconf 83' lang='lat' dir='ltr'><strong>ignorasse</strong></span> <span class='ocrx_word' id='word_1_648' title='bbox 1287 2833 1350 2895; x_wconf 87' lang='lat' dir='ltr'><strong>quod</strong></span> <span class='ocrx_word' id='word_1_649' title='bbox 1361 2837 1419 2882; x_wconf 91' lang='lat' dir='ltr'><strong>foret</strong></span> <span class='ocrx_word' id='word_1_650' title='bbox 1426 2835 1511 2883; x_wconf 80' lang='lat' dir='ltr'><strong>utuaee</strong></span> <span class='ocrx_word' id='word_1_651' title='bbox 1522 2836 1569 2884; x_wconf 90' lang='lat' dir='ltr'><strong>illis</strong></span> <span class='ocrx_word' id='word_1_652' title='bbox 1576 2839 1722 2889; x_wconf 83' lang='lat' dir='ltr'><strong>acciderent:</strong></span> <span class='ocrx_word' id='word_1_653' title='bbox 1733 2855 1790 2889; x_wconf 90' lang='lat' dir='ltr'><strong>nam</strong></span> <span class='ocrx_word' id='word_1_654' title='bbox 1802 2841 1872 2889; x_wconf 86' lang='lat' dir='ltr'><strong>istanc</strong></span> 
     </span>
     <span class='ocr_line' id='line_1_83' title="bbox 1105 2925 1872 2994; baseline 0.013 -23"><span class='ocrx_word' id='word_1_655' title='bbox 1105 2925 1148 2986; x_wconf 82' lang='lat' dir='ltr'><strong>ipsi</strong></span> <span class='ocrx_word' id='word_1_656' title='bbox 1162 2925 1269 2973; x_wconf 89' lang='lat' dir='ltr'><strong>incidisse</strong></span> <span class='ocrx_word' id='word_1_657' title='bbox 1284 2925 1457 2987; x_wconf 78' lang='lat' dir='ltr'><strong>suspicionem,</strong></span> <span class='ocrx_word' id='word_1_658' title='bbox 1474 2927 1541 2976; x_wconf 93' lang='lat' dir='ltr'><strong>illum</strong></span> <span class='ocrx_word' id='word_1_659' title='bbox 1554 2930 1657 2990; x_wconf 87' lang='lat' dir='ltr'><strong>pontifici</strong></span> <span class='ocrx_word' id='word_1_660' title='bbox 1668 2932 1731 2993; x_wconf 92' lang='lat' dir='ltr'><strong>apud</strong></span> <span class='ocrx_word' id='word_1_661' title='bbox 1748 2947 1825 2994; x_wconf 87' lang='lat' dir='ltr'><strong>regem</strong></span> <span class='ocrx_word' id='word_1_662' title='bbox 1837 2948 1872 2980; x_wconf 85' lang='lat' dir='ltr'><strong>aa·</strong></span> 
     </span>
     <span class='ocr_line' id='line_1_84' title="bbox 1105 3019 1870 3076; baseline 0.01 -9"><span class='ocrx_word' id='word_1_663' title='bbox 1105 3019 1275 3067; x_wconf 83' lang='lat' dir='ltr'><strong>loanniaforom</strong></span> <span class='ocrx_word' id='word_1_664' title='bbox 1289 3031 1353 3076; x_wconf 86' lang='lat' dir='ltr'><strong>esse,</strong></span> <span class='ocrx_word' id='word_1_665' title='bbox 1370 3022 1395 3067; x_wconf 93' lang='lat' dir='ltr'><strong>et</strong></span> <span class='ocrx_word' id='word_1_666' title='bbox 1414 3020 1477 3069; x_wconf 85' lang='lat' dir='ltr'><strong>lione</strong></span> <span class='ocrx_word' id='word_1_667' title='bbox 1492 3024 1612 3069; x_wconf 88' lang='lat' dir='ltr'><strong>tantorum</strong></span> <span class='ocrx_word' id='word_1_668' title='bbox 1628 3022 1675 3071; x_wconf 87' lang='lat' dir='ltr'><strong>illis</strong></span> <span class='ocrx_word' id='word_1_669' title='bbox 1692 3025 1870 3074; x_wconf 78' lang='lat' dir='ltr'><strong>infortuniorum</strong></span> 
     </span>
     <span class='ocr_line' id='line_1_85' title="bbox 1105 3116 1869 3172; baseline 0.007 -7"><span class='ocrx_word' id='word_1_670' title='bbox 1105 3131 1199 3165; x_wconf 80' lang='lat' dir='ltr'><strong>causant</strong></span> <span class='ocrx_word' id='word_1_671' title='bbox 1209 3131 1262 3166; x_wconf 84' lang='lat' dir='ltr'><strong>esse</strong></span> <span class='ocrx_word' id='word_1_672' title='bbox 1273 3116 1373 3166; x_wconf 82' lang='lat' dir='ltr'><strong>dicebat.</strong></span> <span class='ocrx_word' id='word_1_673' title='bbox 1415 3117 1465 3166; x_wconf 93' lang='lat' dir='ltr'><strong>illic</strong></span> <span class='ocrx_word' id='word_1_674' title='bbox 1478 3130 1532 3166; x_wconf 87' lang='lat' dir='ltr'><strong>vero</strong></span> <span class='ocrx_word' id='word_1_675' title='bbox 1542 3122 1568 3166; x_wconf 93' lang='lat' dir='ltr'><strong>ut</strong></span> <span class='ocrx_word' id='word_1_676' title='bbox 1577 3126 1683 3168; x_wconf 86' lang='lat' dir='ltr'><strong>maneret</strong></span> <span class='ocrx_word' id='word_1_677' title='bbox 1694 3125 1718 3170; x_wconf 94' lang='lat' dir='ltr'><strong>et</strong></span> <span class='ocrx_word' id='word_1_678' title='bbox 1731 3135 1813 3172; x_wconf 92' lang='lat' dir='ltr'><strong>secum</strong></span> <span class='ocrx_word' id='word_1_679' title='bbox 1822 3137 1869 3170; x_wconf 92' lang='lat' dir='ltr'><strong>mo·</strong></span> 
     </span>
    </p>
   </div>
   <div class='ocr_carea' id='block_1_9' title="bbox 1105 3215 1771 3280">
    <p class='ocr_par' dir='ltr' id='par_1_14' title="bbox 1105 3215 1771 3280">
     <span class='ocr_line' id='line_1_86' title="bbox 1105 3215 1771 3280; baseline 0.009 -17"><span class='ocrx_word' id='word_1_680' title='bbox 1105 3221 1196 3264; x_wconf 71' lang='lat' dir='ltr'><strong>rarrctur</strong></span> <span class='ocrx_word' id='word_1_681' title='bbox 1209 3215 1355 3278; x_wconf 80' lang='lat' dir='ltr'><strong>postulabat,</strong></span> <span class='ocrx_word' id='word_1_682' title='bbox 1364 3216 1429 3279; x_wconf 89' lang='lat' dir='ltr'><strong>quod</strong></span> <span class='ocrx_word' id='word_1_683' title='bbox 1441 3230 1559 3280; x_wconf 84' lang='lat' dir='ltr'><strong>nusquam</strong></span> <span class='ocrx_word' id='word_1_684' title='bbox 1568 3217 1624 3268; x_wconf 87' lang='lat' dir='ltr'><strong>alibi</strong></span> <span class='ocrx_word' id='word_1_685' title='bbox 1635 3220 1667 3269; x_wconf 87' lang='lat' dir='ltr'><strong>ita</strong></span> <span class='ocrx_word' id='word_1_686' title='bbox 1678 3219 1771 3272; x_wconf 86' lang='lat' dir='ltr'><strong>lateret.</strong></span> 
     </span>
    </p>
   </div>
   <div class='ocr_carea' id='block_1_10' title="bbox 1333 3403 1643 3482">
    <p class='ocr_par' dir='ltr' id='par_1_15' title="bbox 1333 3403 1643 3482">
     <span class='ocr_line' id='line_1_87' title="bbox 1333 3403 1643 3482; baseline 0.006 -21"><span class='ocrx_word' id='word_1_687' title='bbox 1333 3403 1415 3461; x_wconf 80' lang='lat' dir='ltr'><strong>cae.</strong></span> <span class='ocrx_word' id='word_1_688' title='bbox 1437 3404 1519 3462; x_wconf 81' lang='lat' dir='ltr'><strong>xiii.</strong></span> <span class='ocrx_word' id='word_1_689' title='bbox 1543 3404 1643 3482; x_wconf 80' lang='lat' dir='ltr'><strong>(xiv.)</strong></span> 
     </span>
    </p>
   </div>
   <div class='ocr_carea' id='block_1_11' title="bbox 1104 3572 1866 5186">
    <p class='ocr_par' dir='ltr' id='par_1_16' title="bbox 1104 3572 1866 5186">
     <span class='ocr_line' id='line_1_88' title="bbox 1136 3572 1866 3644; baseline 0.001 -23"><span class='ocrx_word' id='word_1_690' title='bbox 1136 3575 1181 3621; x_wconf 85' lang='lat' dir='ltr'><strong>Per</strong></span> <span class='ocrx_word' id='word_1_691' title='bbox 1188 3572 1250 3621; x_wconf 88' lang='lat' dir='ltr'><strong>idem</strong></span> <span class='ocrx_word' id='word_1_692' title='bbox 1260 3575 1361 3644; x_wconf 87' lang='lat' dir='ltr'><strong>tempus,</strong></span> <span class='ocrx_word' id='word_1_693' title='bbox 1371 3586 1446 3635; x_wconf 89' lang='lat' dir='ltr'><strong>quum</strong></span> <span class='ocrx_word' id='word_1_694' title='bbox 1456 3573 1559 3623; x_wconf 80' lang='lat' dir='ltr'><strong>Derides</strong></span> <span class='ocrx_word' id='word_1_695' title='bbox 1570 3575 1866 3637; x_wconf 72' lang='lat' dir='ltr'><strong>nmepissetPalmsliaosin</strong></span> 
     </span>
     <span class='ocr_line' id='line_1_89' title="bbox 1104 3665 1865 3729; baseline -0.001 -16"><span class='ocrx_word' id='word_1_696' title='bbox 1104 3665 1248 3714; x_wconf 86' lang='lat' dir='ltr'><strong>cillanorum</strong></span> <span class='ocrx_word' id='word_1_697' title='bbox 1259 3677 1341 3724; x_wconf 86' lang='lat' dir='ltr'><strong>agrum</strong></span> <span class='ocrx_word' id='word_1_698' title='bbox 1353 3665 1479 3726; x_wconf 86' lang='lat' dir='ltr'><strong>irrupisse,</strong></span> <span class='ocrx_word' id='word_1_699' title='bbox 1490 3667 1751 3729; x_wconf 82' lang='lat' dir='ltr'><strong>eumquederaatasse,</strong></span> <span class='ocrx_word' id='word_1_700' title='bbox 1763 3683 1789 3716; x_wconf 89' lang='lat' dir='ltr'><strong>se</strong></span> <span class='ocrx_word' id='word_1_701' title='bbox 1797 3667 1865 3728; x_wconf 73' lang='lat' dir='ltr'><strong>ipsum</strong></span> 
     </span>
     <span class='ocr_line' id='line_1_90' title="bbox 1104 3759 1865 3824; baseline 0.005 -18"><span class='ocrx_word' id='word_1_702' title='bbox 1104 3760 1174 3808; x_wconf 90' lang='lat' dir='ltr'><strong>offert</strong></span> <span class='ocrx_word' id='word_1_703' title='bbox 1187 3759 1217 3808; x_wconf 91' lang='lat' dir='ltr'><strong>ad</strong></span> <span class='ocrx_word' id='word_1_704' title='bbox 1229 3760 1357 3807; x_wconf 81' lang='lat' dir='ltr'><strong>exercitum</strong></span> <span class='ocrx_word' id='word_1_705' title='bbox 1369 3759 1393 3807; x_wconf 90' lang='lat' dir='ltr'><strong>in</strong></span> <span class='ocrx_word' id='word_1_706' title='bbox 1407 3773 1448 3807; x_wconf 94' lang='lat' dir='ltr'><strong>eos</strong></span> <span class='ocrx_word' id='word_1_707' title='bbox 1463 3760 1627 3822; x_wconf 87' lang='lat' dir='ltr'><strong>educendum,</strong></span> <span class='ocrx_word' id='word_1_708' title='bbox 1639 3761 1711 3811; x_wconf 90' lang='lat' dir='ltr'><strong>modo</strong></span> <span class='ocrx_word' id='word_1_709' title='bbox 1722 3766 1788 3812; x_wconf 90' lang='lat' dir='ltr'><strong>Deus</strong></span> <span class='ocrx_word' id='word_1_710' title='bbox 1799 3774 1865 3824; x_wconf 82' lang='lat' dir='ltr'><strong>apro</strong></span> 
     </span>
     <span class='ocr_line' id='line_1_91' title="bbox 1104 3851 1865 3914; baseline 0.005 -17"><span class='ocrx_word' id='word_1_711' title='bbox 1104 3851 1175 3912; x_wconf 85' lang='lat' dir='ltr'><strong>plieta</strong></span> <span class='ocrx_word' id='word_1_712' title='bbox 1183 3851 1306 3898; x_wconf 89' lang='lat' dir='ltr'><strong>consultus</strong></span> <span class='ocrx_word' id='word_1_713' title='bbox 1318 3851 1439 3898; x_wconf 84' lang='lat' dir='ltr'><strong>iictoriam</strong></span> <span class='ocrx_word' id='word_1_714' title='bbox 1448 3855 1571 3900; x_wconf 88' lang='lat' dir='ltr'><strong>annueret.</strong></span> <span class='ocrx_word' id='word_1_715' title='bbox 1582 3855 1663 3909; x_wconf 90' lang='lat' dir='ltr'><strong>Quum</strong></span> <span class='ocrx_word' id='word_1_716' title='bbox 1670 3867 1727 3902; x_wconf 86' lang='lat' dir='ltr'><strong>veru</strong></span> <span class='ocrx_word' id='word_1_717' title='bbox 1735 3855 1774 3904; x_wconf 90' lang='lat' dir='ltr'><strong>illc</strong></span> <span class='ocrx_word' id='word_1_718' title='bbox 1782 3865 1865 3914; x_wconf 87' lang='lat' dir='ltr'><strong>respon</strong></span> 
     </span>
     <span class='ocr_line' id='line_1_92' title="bbox 1104 3941 1864 4007; baseline 0.001 -19"><span class='ocrx_word' id='word_1_719' title='bbox 1104 3943 1178 3990; x_wconf 88' lang='lat' dir='ltr'><strong>disset</strong></span> <span class='ocrx_word' id='word_1_720' title='bbox 1187 3942 1309 3990; x_wconf 76' lang='lat' dir='ltr'><strong>uictoriam</strong></span> <span class='ocrx_word' id='word_1_721' title='bbox 1317 3941 1421 4003; x_wconf 88' lang='lat' dir='ltr'><strong>promitti</strong></span> <span class='ocrx_word' id='word_1_722' title='bbox 1426 3977 1433 4001; x_wconf 96' lang='lat'><strong>,</strong></span> <span class='ocrx_word' id='word_1_723' title='bbox 1444 3956 1498 3990; x_wconf 81' lang='lat' dir='ltr'><strong>surr·</strong></span> <span class='ocrx_word' id='word_1_724' title='bbox 1513 3943 1583 3991; x_wconf 89' lang='lat' dir='ltr'><strong>sociis</strong></span> <span class='ocrx_word' id='word_1_725' title='bbox 1593 3946 1642 3992; x_wconf 90' lang='lat' dir='ltr'><strong>suis</strong></span> <span class='ocrx_word' id='word_1_726' title='bbox 1658 3945 1773 4007; x_wconf 89' lang='lat' dir='ltr'><strong>impetum</strong></span> <span class='ocrx_word' id='word_1_727' title='bbox 1786 3943 1864 3994; x_wconf 83' lang='lat' dir='ltr'><strong>fecitin</strong></span> 
     </span>
     <span class='ocr_line' id='line_1_93' title="bbox 1105 4033 1865 4099; baseline -0.001 -19"><span class='ocrx_word' id='word_1_728' title='bbox 1105 4033 1254 4091; x_wconf 72' lang='lat' dir='ltr'><strong>Palestinos,</strong></span> <span class='ocrx_word' id='word_1_729' title='bbox 1264 4033 1411 4093; x_wconf 87' lang='lat' dir='ltr'><strong>multamque</strong></span> <span class='ocrx_word' id='word_1_730' title='bbox 1421 4033 1515 4082; x_wconf 90' lang='lat' dir='ltr'><strong>illorum</strong></span> <span class='ocrx_word' id='word_1_731' title='bbox 1527 4038 1628 4096; x_wconf 88' lang='lat' dir='ltr'><strong>stragem</strong></span> <span class='ocrx_word' id='word_1_732' title='bbox 1640 4036 1726 4096; x_wconf 77' lang='lat' dir='ltr'><strong>attuit,</strong></span> <span class='ocrx_word' id='word_1_733' title='bbox 1737 4043 1762 4086; x_wconf 91' lang='lat' dir='ltr'><strong>et</strong></span> <span class='ocrx_word' id='word_1_734' title='bbox 1772 4035 1865 4099; x_wconf 80' lang='lat' dir='ltr'><strong>pradum</strong></span> 
     </span>
     <span class='ocr_line' id='line_1_94' title="bbox 1104 4128 1864 4192; baseline 0.003 -16"><span class='ocrx_word' id='word_1_735' title='bbox 1104 4128 1195 4188; x_wconf 83' lang='lat' dir='ltr'><strong>abegit,</strong></span> <span class='ocrx_word' id='word_1_736' title='bbox 1207 4141 1272 4175; x_wconf 80' lang='lat' dir='ltr'><strong>utura</strong></span> <span class='ocrx_word' id='word_1_737' title='bbox 1282 4130 1354 4178; x_wconf 92' lang='lat' dir='ltr'><strong>etiam</strong></span> <span class='ocrx_word' id='word_1_738' title='bbox 1363 4128 1425 4189; x_wconf 87' lang='lat' dir='ltr'><strong>apud</strong></span> <span class='ocrx_word' id='word_1_739' title='bbox 1442 4129 1547 4179; x_wconf 84' lang='lat' dir='ltr'><strong>Cillauos</strong></span> <span class='ocrx_word' id='word_1_740' title='bbox 1557 4131 1632 4192; x_wconf 83' lang='lat' dir='ltr'><strong>facta,</strong></span> <span class='ocrx_word' id='word_1_741' title='bbox 1643 4132 1720 4180; x_wconf 90' lang='lat' dir='ltr'><strong>donec</strong></span> <span class='ocrx_word' id='word_1_742' title='bbox 1730 4133 1864 4182; x_wconf 77' lang='lat' dir='ltr'><strong>frumentum</strong></span> 
     </span>
     <span class='ocr_line' id='line_1_95' title="bbox 1104 4218 1864 4283; baseline 0.005 -15"><span class='ocrx_word' id='word_1_743' title='bbox 1104 4234 1133 4268; x_wconf 83' lang='lat' dir='ltr'><strong>ex</strong></span> <span class='ocrx_word' id='word_1_744' title='bbox 1145 4220 1205 4270; x_wconf 88' lang='lat' dir='ltr'><strong>areis</strong></span> <span class='ocrx_word' id='word_1_745' title='bbox 1222 4221 1347 4283; x_wconf 83' lang='lat' dir='ltr'><strong>frugesque</strong></span> <span class='ocrx_word' id='word_1_746' title='bbox 1368 4233 1451 4269; x_wconf 90' lang='lat' dir='ltr'><strong>secure</strong></span> <span class='ocrx_word' id='word_1_747' title='bbox 1466 4221 1609 4282; x_wconf 76' lang='lat' dir='ltr'><strong>aufugerent</strong></span> <span class='ocrx_word' id='word_1_748' title='bbox 1642 4224 1715 4274; x_wconf 84' lang='lat' dir='ltr'><strong>saulo</strong></span> <span class='ocrx_word' id='word_1_749' title='bbox 1732 4229 1808 4274; x_wconf 89' lang='lat' dir='ltr'><strong>autem</strong></span> <span class='ocrx_word' id='word_1_750' title='bbox 1821 4218 1864 4279; x_wconf 67' lang='lat' dir='ltr'><strong>reg!</strong></span> 
     </span>
     <span class='ocr_line' id='line_1_96' title="bbox 1104 4311 1864 4376; baseline -0.001 -16"><span class='ocrx_word' id='word_1_751' title='bbox 1104 4312 1230 4361; x_wconf 89' lang='lat' dir='ltr'><strong>nunciatur</strong></span> <span class='ocrx_word' id='word_1_752' title='bbox 1242 4311 1304 4373; x_wconf 88' lang='lat' dir='ltr'><strong>apud</strong></span> <span class='ocrx_word' id='word_1_753' title='bbox 1320 4313 1373 4360; x_wconf 90' lang='lat' dir='ltr'><strong>illos</strong></span> <span class='ocrx_word' id='word_1_754' title='bbox 1385 4313 1482 4361; x_wconf 90' lang='lat' dir='ltr'><strong>morari.</strong></span> <span class='ocrx_word' id='word_1_755' title='bbox 1529 4316 1590 4363; x_wconf 76' lang='lat' dir='ltr'><strong>llam</strong></span> <span class='ocrx_word' id='word_1_756' title='bbox 1601 4314 1664 4376; x_wconf 89' lang='lat' dir='ltr'><strong>quod</strong></span> <span class='ocrx_word' id='word_1_757' title='bbox 1681 4329 1755 4365; x_wconf 86' lang='lat' dir='ltr'><strong>ausus</strong></span> <span class='ocrx_word' id='word_1_758' title='bbox 1770 4312 1864 4363; x_wconf 79' lang='lat' dir='ltr'><strong>fueritet</strong></span> 
     </span>
     <span class='ocr_line' id='line_1_97' title="bbox 1104 4401 1864 4465; baseline 0.001 -15"><span class='ocrx_word' id='word_1_759' title='bbox 1104 4401 1167 4465; x_wconf 91' lang='lat' dir='ltr'><strong>qnod</strong></span> <span class='ocrx_word' id='word_1_760' title='bbox 1175 4401 1197 4451; x_wconf 95' lang='lat' dir='ltr'><strong>ei</strong></span> <span class='ocrx_word' id='word_1_761' title='bbox 1206 4415 1317 4462; x_wconf 87' lang='lat' dir='ltr'><strong>prospere</strong></span> <span class='ocrx_word' id='word_1_762' title='bbox 1323 4401 1434 4460; x_wconf 87' lang='lat' dir='ltr'><strong>cesserit,</strong></span> <span class='ocrx_word' id='word_1_763' title='bbox 1444 4415 1492 4449; x_wconf 91' lang='lat' dir='ltr'><strong>non</strong></span> <span class='ocrx_word' id='word_1_764' title='bbox 1500 4401 1564 4463; x_wconf 92' lang='lat' dir='ltr'><strong>apud</strong></span> <span class='ocrx_word' id='word_1_765' title='bbox 1571 4415 1632 4464; x_wconf 90' lang='lat' dir='ltr'><strong>quos</strong></span> <span class='ocrx_word' id='word_1_766' title='bbox 1641 4417 1680 4451; x_wconf 86' lang='lat' dir='ltr'><strong>res</strong></span> <span class='ocrx_word' id='word_1_767' title='bbox 1689 4411 1755 4464; x_wconf 77' lang='lat' dir='ltr'><strong>gesta</strong></span> <span class='ocrx_word' id='word_1_768' title='bbox 1763 4409 1864 4454; x_wconf 90' lang='lat' dir='ltr'><strong>eratoou·</strong></span> 
     </span>
     <span class='ocr_line' id='line_1_98' title="bbox 1104 4491 1863 4556; baseline -0.001 -15"><span class='ocrx_word' id='word_1_769' title='bbox 1104 4493 1198 4542; x_wconf 88' lang='lat' dir='ltr'><strong>clusum</strong></span> <span class='ocrx_word' id='word_1_770' title='bbox 1218 4491 1348 4554; x_wconf 87' lang='lat' dir='ltr'><strong>tenebatur,</strong></span> <span class='ocrx_word' id='word_1_771' title='bbox 1368 4491 1410 4542; x_wconf 85' lang='lat' dir='ltr'><strong>sed</strong></span> <span class='ocrx_word' id='word_1_772' title='bbox 1434 4492 1565 4554; x_wconf 76' lang='lat' dir='ltr'><strong>famosius</strong></span> <span class='ocrx_word' id='word_1_773' title='bbox 1583 4493 1631 4543; x_wconf 89' lang='lat' dir='ltr'><strong>late</strong></span> <span class='ocrx_word' id='word_1_774' title='bbox 1648 4500 1779 4556; x_wconf 73' lang='lat' dir='ltr'><strong>emanant,</strong></span> <span class='ocrx_word' id='word_1_775' title='bbox 1798 4491 1863 4544; x_wconf 85' lang='lat' dir='ltr'><strong>etad</strong></span> 
     </span>
     <span class='ocr_line' id='line_1_99' title="bbox 1105 4583 1863 4648; baseline -0.003 -16"><span class='ocrx_word' id='word_1_776' title='bbox 1105 4583 1212 4632; x_wconf 88' lang='lat' dir='ltr'><strong>omnium</strong></span> <span class='ocrx_word' id='word_1_777' title='bbox 1225 4595 1308 4643; x_wconf 88' lang='lat' dir='ltr'><strong>aures,</strong></span> <span class='ocrx_word' id='word_1_778' title='bbox 1329 4583 1437 4646; x_wconf 80' lang='lat' dir='ltr'><strong>regisque</strong></span> <span class='ocrx_word' id='word_1_779' title='bbox 1453 4584 1514 4633; x_wconf 89' lang='lat' dir='ltr'><strong>inter</strong></span> <span class='ocrx_word' id='word_1_780' title='bbox 1529 4590 1636 4643; x_wconf 87' lang='lat' dir='ltr'><strong>ceteros,</strong></span> <span class='ocrx_word' id='word_1_781' title='bbox 1647 4589 1767 4648; x_wconf 80' lang='lat' dir='ltr'><strong>pervenit,</strong></span> <span class='ocrx_word' id='word_1_782' title='bbox 1783 4587 1805 4635; x_wconf 92' lang='lat' dir='ltr'><strong>in</strong></span> <span class='ocrx_word' id='word_1_783' title='bbox 1815 4583 1863 4633; x_wconf 81' lang='lat' dir='ltr'><strong>facti</strong></span> 
     </span>
     <span class='ocr_line' id='line_1_100' title="bbox 1105 4675 1863 4737; baseline -0.003 -13"><span class='ocrx_word' id='word_1_784' title='bbox 1105 4677 1204 4737; x_wconf 85' lang='lat' dir='ltr'><strong>ejusque</strong></span> <span class='ocrx_word' id='word_1_785' title='bbox 1213 4677 1315 4724; x_wconf 89' lang='lat' dir='ltr'><strong>auctoris</strong></span> <span class='ocrx_word' id='word_1_786' title='bbox 1326 4675 1433 4736; x_wconf 87' lang='lat' dir='ltr'><strong>gloriam.</strong></span> <span class='ocrx_word' id='word_1_787' title='bbox 1465 4676 1552 4725; x_wconf 61' lang='lat' dir='ltr'><strong>&amp;ulus</strong></span> <span class='ocrx_word' id='word_1_788' title='bbox 1563 4680 1643 4726; x_wconf 89' lang='lat' dir='ltr'><strong>autern</strong></span> <span class='ocrx_word' id='word_1_789' title='bbox 1654 4678 1739 4726; x_wconf 87' lang='lat' dir='ltr'><strong>certior</strong></span> <span class='ocrx_word' id='word_1_790' title='bbox 1748 4680 1818 4727; x_wconf 88' lang='lat' dir='ltr'><strong>factus</strong></span> <span class='ocrx_word' id='word_1_791' title='bbox 1827 4678 1863 4722; x_wconf 79' lang='lat' dir='ltr'><strong>na·</strong></span> 
     </span>
     <span class='ocr_line' id='line_1_101' title="bbox 1106 4768 1862 4831; baseline 0.003 -17"><span class='ocrx_word' id='word_1_792' title='bbox 1106 4769 1184 4816; x_wconf 76' lang='lat' dir='ltr'><strong>videm</strong></span> <span class='ocrx_word' id='word_1_793' title='bbox 1197 4768 1219 4816; x_wconf 90' lang='lat' dir='ltr'><strong>ln</strong></span> <span class='ocrx_word' id='word_1_794' title='bbox 1237 4768 1297 4816; x_wconf 86' lang='lat' dir='ltr'><strong>Cilla</strong></span> <span class='ocrx_word' id='word_1_795' title='bbox 1315 4782 1366 4816; x_wconf 72' lang='lat' dir='ltr'><strong>esse</strong></span> <span class='ocrx_word' id='word_1_796' title='bbox 1385 4769 1490 4828; x_wconf 66' lang='lat' dir='ltr'><strong>lectatur,</strong></span> <span class='ocrx_word' id='word_1_797' title='bbox 1508 4771 1594 4830; x_wconf 80' lang='lat' dir='ltr'><strong>atqrm,</strong></span> <span class='ocrx_word' id='word_1_798' title='bbox 1613 4769 1679 4818; x_wconf 87' lang='lat' dir='ltr'><strong>illurn</strong></span> <span class='ocrx_word' id='word_1_799' title='bbox 1698 4771 1747 4831; x_wconf 82' lang='lat' dir='ltr'><strong>jam</strong></span> <span class='ocrx_word' id='word_1_800' title='bbox 1765 4771 1788 4818; x_wconf 94' lang='lat' dir='ltr'><strong>in</strong></span> <span class='ocrx_word' id='word_1_801' title='bbox 1804 4775 1862 4816; x_wconf 85' lang='lat' dir='ltr'><strong>suam</strong></span> 
     </span>
     <span class='ocr_line' id='line_1_102' title="bbox 1105 4860 1860 4922; baseline -0.001 -12"><span class='ocrx_word' id='word_1_802' title='bbox 1105 4861 1197 4910; x_wconf 81' lang='lat' dir='ltr'><strong>venisse</strong></span> <span class='ocrx_word' id='word_1_803' title='bbox 1208 4865 1346 4921; x_wconf 81' lang='lat' dir='ltr'><strong>potestatem</strong></span> <span class='ocrx_word' id='word_1_804' title='bbox 1356 4860 1457 4908; x_wconf 90' lang='lat' dir='ltr'><strong>dicensa</strong></span> <span class='ocrx_word' id='word_1_805' title='bbox 1467 4865 1526 4921; x_wconf 84' lang='lat' dir='ltr'><strong>Deo,</strong></span> <span class='ocrx_word' id='word_1_806' title='bbox 1535 4862 1647 4922; x_wconf 86' lang='lat' dir='ltr'><strong>quoniam</strong></span> <span class='ocrx_word' id='word_1_807' title='bbox 1659 4863 1679 4910; x_wconf 91' lang='lat' dir='ltr'><strong>is</strong></span> <span class='ocrx_word' id='word_1_808' title='bbox 1691 4863 1714 4909; x_wconf 90' lang='lat' dir='ltr'><strong>in</strong></span> <span class='ocrx_word' id='word_1_809' title='bbox 1725 4863 1804 4911; x_wconf 85' lang='lat' dir='ltr'><strong>urbem</strong></span> <span class='ocrx_word' id='word_1_810' title='bbox 1814 4869 1860 4905; x_wconf 80' lang='lat' dir='ltr'><strong>eum</strong></span> 
     </span>
     <span class='ocr_line' id='line_1_103' title="bbox 1105 4949 1862 5014; baseline -0.003 -16"><span class='ocrx_word' id='word_1_811' title='bbox 1105 4951 1257 5012; x_wconf 82' lang='lat' dir='ltr'><strong>compulisset</strong></span> <span class='ocrx_word' id='word_1_812' title='bbox 1267 4952 1340 4999; x_wconf 84' lang='lat' dir='ltr'><strong>irrrrris</strong></span> <span class='ocrx_word' id='word_1_813' title='bbox 1349 4954 1373 4999; x_wconf 89' lang='lat' dir='ltr'><strong>et</strong></span> <span class='ocrx_word' id='word_1_814' title='bbox 1380 4952 1455 5013; x_wconf 90' lang='lat' dir='ltr'><strong>portis</strong></span> <span class='ocrx_word' id='word_1_815' title='bbox 1467 4959 1490 5001; x_wconf 89' lang='lat' dir='ltr'><strong>et</strong></span> <span class='ocrx_word' id='word_1_816' title='bbox 1499 4952 1615 5014; x_wconf 76' lang='lat' dir='ltr'><strong>repagulis</strong></span> <span class='ocrx_word' id='word_1_817' title='bbox 1625 4953 1740 5003; x_wconf 82' lang='lat' dir='ltr'><strong>rriuriitam</strong></span> <span class='ocrx_word' id='word_1_818' title='bbox 1748 4988 1755 5011; x_wconf 87' lang='lat'><strong>,</strong></span> <span class='ocrx_word' id='word_1_819' title='bbox 1760 4949 1824 5014; x_wconf 82' lang='lat' dir='ltr'><strong>jussit</strong></span> <span class='ocrx_word' id='word_1_820' title='bbox 1831 4957 1862 5007; x_wconf 82' lang='lat' dir='ltr'><strong>po</strong></span> 
     </span>
     <span class='ocr_line' id='line_1_104' title="bbox 1105 5037 1860 5099; baseline 0.003 -14"><span class='ocrx_word' id='word_1_821' title='bbox 1105 5037 1162 5099; x_wconf 89' lang='lat' dir='ltr'><strong>pulo</strong></span> <span class='ocrx_word' id='word_1_822' title='bbox 1173 5037 1284 5086; x_wconf 85' lang='lat' dir='ltr'><strong>universo</strong></span> <span class='ocrx_word' id='word_1_823' title='bbox 1292 5042 1319 5086; x_wconf 93' lang='lat' dir='ltr'><strong>ut</strong></span> <span class='ocrx_word' id='word_1_824' title='bbox 1328 5039 1412 5086; x_wconf 86' lang='lat' dir='ltr'><strong>Cillam</strong></span> <span class='ocrx_word' id='word_1_825' title='bbox 1420 5038 1577 5098; x_wconf 85' lang='lat' dir='ltr'><strong>adorirentur,</strong></span> <span class='ocrx_word' id='word_1_826' title='bbox 1588 5051 1616 5085; x_wconf 86' lang='lat' dir='ltr'><strong>ac</strong></span> <span class='ocrx_word' id='word_1_827' title='bbox 1625 5039 1739 5087; x_wconf 84' lang='lat' dir='ltr'><strong>Davidem</strong></span> <span class='ocrx_word' id='word_1_828' title='bbox 1752 5039 1860 5087; x_wconf 71' lang='lat' dir='ltr'><strong>obsessum</strong></span> 
     </span>
     <span class='ocr_line' id='line_1_105' title="bbox 1105 5117 1860 5186; baseline 0 -14"><span class='ocrx_word' id='word_1_829' title='bbox 1105 5128 1249 5186; x_wconf 77' lang='lat' dir='ltr'><strong>captumque</strong></span> <span class='ocrx_word' id='word_1_830' title='bbox 1260 5125 1429 5174; x_wconf 82' lang='lat' dir='ltr'><strong>interimerent.</strong></span> <span class='ocrx_word' id='word_1_831' title='bbox 1451 5131 1482 5174; x_wconf 81' lang='lat' dir='ltr'><strong>dt</strong></span> <span class='ocrx_word' id='word_1_832' title='bbox 1492 5125 1593 5174; x_wconf 80' lang='lat' dir='ltr'><strong>Derides</strong></span> <span class='ocrx_word' id='word_1_833' title='bbox 1603 5139 1677 5186; x_wconf 90' lang='lat' dir='ltr'><strong>quum</strong></span> <span class='ocrx_word' id='word_1_834' title='bbox 1690 5126 1741 5176; x_wconf 78' lang='grc' dir='ltr'>Ιιεοο</span> <span class='ocrx_word' id='word_1_835' title='bbox 1751 5117 1860 5174; x_wconf 72' lang='lat' dir='ltr'><strong>intellexi&gt;-</strong></span> 
     </span>
    </p>
   </div>
   <div class='ocr_carea' id='block_1_12' title="bbox 1107 5215 1860 5281">
    <p class='ocr_par' dir='ltr' id='par_1_17' title="bbox 1107 5215 1860 5281">
     <span class='ocr_line' id='line_1_106' title="bbox 1107 5215 1860 5281; baseline -0.005 -17"><span class='ocrx_word' id='word_1_836' title='bbox 1107 5220 1156 5278; x_wconf 88' lang='lat' dir='ltr'><strong>set,</strong></span> <span class='ocrx_word' id='word_1_837' title='bbox 1166 5219 1212 5264; x_wconf 86' lang='lat' dir='ltr'><strong>eta</strong></span> <span class='ocrx_word' id='word_1_838' title='bbox 1223 5218 1274 5265; x_wconf 89' lang='lat' dir='ltr'><strong>Deo</strong></span> <span class='ocrx_word' id='word_1_839' title='bbox 1283 5215 1416 5276; x_wconf 85' lang='lat' dir='ltr'><strong>didicisset,</strong></span> <span class='ocrx_word' id='word_1_840' title='bbox 1427 5216 1520 5266; x_wconf 86' lang='lat' dir='ltr'><strong>cillitas</strong></span> <span class='ocrx_word' id='word_1_841' title='bbox 1529 5217 1610 5279; x_wconf 89' lang='lat' dir='ltr'><strong>illum,</strong></span> <span class='ocrx_word' id='word_1_842' title='bbox 1624 5217 1643 5264; x_wconf 84' lang='lat' dir='ltr'><strong>si</strong></span> <span class='ocrx_word' id='word_1_843' title='bbox 1653 5217 1715 5281; x_wconf 85' lang='lat' dir='ltr'><strong>apud</strong></span> <span class='ocrx_word' id='word_1_844' title='bbox 1726 5217 1786 5280; x_wconf 87' lang='lat' dir='ltr'><strong>ipsos</strong></span> <span class='ocrx_word' id='word_1_845' title='bbox 1797 5221 1860 5260; x_wconf 77' lang='lat' dir='ltr'><strong>mour·</strong></span> 
     </span>
    </p>
   </div>
   <div class='ocr_carea' id='block_1_13' title="bbox 0 0 1934 6084">
    <p class='ocr_par' dir='ltr' id='par_1_18' title="bbox 0 0 1934 6084">
     <span class='ocr_line' id='line_1_107' title="bbox 0 0 1934 6084; baseline 0 1"><span class='ocrx_word' id='word_1_846' title='bbox 0 0 1934 6084; x_wconf 95' lang='lat' dir='ltr'><strong> </strong></span> 
     </span>
    </p>
   </div>
  </div>
 </body>
</html>
