3859 6084
288 497 367 567 σεο·
387 504 506 583 (ωπον.)

286 743 299 769 α
313 712 453 793 χρησίμοις
465 714 551 778 αιίτοῖς
562 710 716 790 γενομένοις.
758 711 837 784 Δίκην
853 716 936 771 αὐτῶν
952 704 996 771 οῦν
1018 713 1059 769 δι-

245 850 248 858 .
286 826 299 852 α
313 798 444 871 δωκότων,
454 796 513 865 τούς
523 822 551 857 τε
561 797 715 877 συμμάχους
726 799 783 866 τοὺς
792 799 932 877 ἡμετέρους
941 799 990 857 ὅσα
999 802 1059 856 ποτ’

286 914 299 941 ι
313 880 385 965 εἶχον
400 885 520 963 ἀξιοῦμεν
540 882 687 951 ἀκωλύτους
706 886 882 964 διακατέχειν,
900 887 945 945 καί
956 891 1024 961 ὑμᾶς
1038 883 1062 943 εί

259 988 272 1025 ο
287 1001 299 1026 e
313 996 371 1032 τινα
386 972 472 1052 χωρία
493 970 623 1050 Ὑρκανοῦ
634 970 697 1029 ὄντα
716 978 762 1029 τοῦ
779 974 904 1053 ἐθνάρχου
918 974 1061 1044 Ἰουδαίων,

286 1090 298 1115 ι
313 1060 363 1139 πρδ
384 1069 445 1137 μιᾶς
458 1057 557 1139 ἡμέρας
572 1058 680 1129 irtam
695 1059 811 1118 Κάσσιον
826 1062 941 1137 πολεμον
954 1063 983 1119 οὐ
999 1084 1061 1139 συγ-

286 1176 299 1201 ι
313 1146 494 1227 κεχωρημένον
506 1145 637 1224 ἐπάγοντα
647 1145 769 1216 ἐπιῦῆναι
781 1153 828 1218 τῆς
839 1148 965 1227 ἐπαρχίας
976 1152 1061 1224 ἡμῶν,

286 1262 299 1287 ι
313 1241 357 1292 νῦν
372 1232 461 1312 ἔχετε,
474 1233 614 1291 ἀποδοῦναι
629 1236 708 1311 αὐτῷ·
726 1232 783 1310 βίαν
792 1258 821 1291 τε
833 1237 918 1302 αὐτοῖς
931 1234 1061 1312 μηδεμίαν

286 1349 299 1373 ι
312 1318 466 1401 προσφέρειν
487 1318 531 1376 ἐπὶ
545 1322 582 1397 τῷ
597 1322 711 1384 ἀσθενεῖς
725 1319 817 1387 αὐτοὺς
829 1322 910 1379 ποιεῖν
927 1325 978 1379 τῶν
991 1320 1062 1379 ἰδίων

288 1436 301 1461 ι
315 1408 457 1477 δεσπόζειν.
499 1409 533 1465 Ei
553 1407 581 1464 δέ
600 1430 657 1464 τινα
670 1404 743 1485 ἔχετε
762 1408 824 1487 πρὸς
845 1409 921 1466 αὐτὸν
936 1410 1063 1468 δικαιολο-

287 1525 300 1549 ι
315 1496 384 1573 γίαν,
401 1494 462 1553 όταν
479 1493 593 1569 ἔλθοιμεν
608 1493 651 1551 ἐπὶ
672 1492 730 1560 min
749 1494 857 1564 τόπους,
879 1494 980 1563 ἐξέσται
1002 1500 1063 1573 ὑμῖν

288 1612 299 1637 ν
313 1581 397 1661 ταύτῃ
408 1585 534 1661 χρῆσθαι,
546 1583 622 1655 ἡμῶν
634 1578 731 1638 ἕκαστα
743 1582 796 1647 τοῖς
807 1580 956 1660 συμμάχοις
969 1581 1064 1658 δμοίως

287 1700 299 1725 ν
314 1671 366 1736 τοῖς
378 1668 487 1749 κρίμασι
498 1666 691 1748 φυλασσόντων.
708 1695 719 1719 ν

327 1757 356 1814 ε’.
378 1760 703 1815 «ituruoatnrnmon
722 1754 889 1835 αὐτοκράτωρ
901 1757 1004 1837 Τυρίων
1021 1757 1065 1835 ἄρ-

263 1866 274 1901 a
290 1874 302 1897 ι
316 1868 407 1925 χουσι,
422 1846 518 1924 βουλῇ,
533 1843 608 1924 δήμῳ
619 1842 728 1924 χαίρειν.
770 1843 910 1922 Διάταγμα
923 1845 985 1919 ἐμὸν
1001 1845 1064 1903 ἀπέ-

289 1962 301 1984 ν
316 1935 417 1990 σταλκα
427 1934 491 2009 πρὸς
501 1935 583 2005 ὑμᾶς,
596 1930 655 2010 περὶ
665 1923 694 1989 οῦ
706 1930 834 2009 βούλομαι
843 1935 910 2007 ὑμᾶς
921 1932 1065 2013 φροντίσαι,

290 2049 302 2071 ο
315 2018 347 2077 ἵν’
362 2017 425 2077 αὐτὸ
439 2021 474 2084 είς
498 2017 544 2085 τδς
560 2016 697 2094 δημοσίους
711 2017 831 2089 ἐντάξητε
849 2017 963 2092 δέλτους,
977 2019 1066 2098 γράμ-

290 2136 302 2158 a
316 2130 382 2183 μασι
395 2104 554 2183 Ῥωμαϊκοῖς
568 2105 613 2163 καί
627 2105 805 2181 Ἑλληνικοῖς,
820 2105 865 2163 καί
879 2108 905 2163 ἐν
919 2106 958 2185 τῷ
972 2108 1065 2187 ἐπιφα-

291 2223 302 2247 ν
315 2193 432 2273 νεστοίτιρ
444 2192 523 2272 ἔχητε
535 2192 598 2251 αὐτὸ
612 2191 800 2273 γεγραμμένον,
814 2192 884 2259 ὅπως
897 2193 947 2250 ὑπὸ
961 2193 1066 2252 πάντων

294 2280 541 2359 ιάναγινώσκεσθαι
567 2279 684 2350 δύνηται.
727 2278 835 2358 Μάρκος
860 2279 993 2347 Ἀντώνιος
1018 2282 1066 2337 αιί-

293 2398 305 2421 «
319 2370 468 2449 τοκράτωρ,
479 2373 557 2448 τριῶν
573 2369 672 2448 ἀνδρῶν
686 2367 873 2426 καταστάντων
886 2368 1010 2447 περὶτῶν
1022 2368 1067 2447 δη·

292 2485 304 2507 ι
319 2456 417 2532 μοσίων
439 2442 616 2535 πραγμάτων,
641 2445 720 2512 εἶπεν.
762 2454 840 2513 Ἐπεί
855 2454 932 2521 Γάϊος
955 2453 1069 2519 Κάσσιος

292 2570 304 2595 ι
318 2542 440 2622 ταύτῃπῇ
451 2542 594 2601 ἀποστάσει
604 2539 742 2618 ἀλλοτρίαν
753 2541 882 2619 ἐπαρχίαν
892 2541 1068 2621 κατεχομένην

294 2631 369 2688 νῦπδ
391 2630 572 2708 στρατοπέδων
589 2629 635 2686 καὶ
655 2627 810 2707 συμμάχους
829 2629 905 2694 ὄντας
925 2629 1068 2709 διήρπασε,

268 2735 280 2771 a
295 2744 305 2767 ι
321 2716 365 2776 καί
378 2715 576 2796 ἐξεπολιόρκησε
587 2715 617 2773 τθ
627 2716 760 2774 Ἰουδαίων
772 2715 853 2786 ἔθνος,
866 2715 938 2796 φίλον
950 2716 1068 2795 ῦπάρχον

294 2831 306 2854 ι
319 2808 365 2860 τοῦ
377 2802 518 2879 Ῥωμαίων
531 2801 631 2878 δήμου,
645 2802 693 2872 τὴν
708 2803 831 2860 ἀπόνοιαν
845 2802 892 2874 τὴν
907 2802 1004 2861 ἐκείνου
1018 2806 1070 2867 τοῖς

294 2916 306 2939 ι
321 2888 409 2955 ὅπλοις
425 2888 615 2969 κρατήσαντες,
631 2890 791 2967 διατάγμασι
805 2889 850 2947 καὶ
868 2889 992 2970 κρίμασιν
1009 2891 1071 2947 ἐπα-

295 3003 308 3027 a
322 2976 478 3056 νορθούμεθα
489 2975 523 3033 τδ
536 2976 578 3035 ὑπ’
590 2979 668 3035 αὐτοῦ
681 2976 877 3058 διηρπασμένα,
888 2978 956 3036 ὥστε
966 2979 1071 3035 ἀποκα-

296 3090 308 3113 α
323 3068 483 3134 τασταθῆναι
500 3069 583 3122 ταῦτα
599 3073 652 3130 τοῖς
674 3064 824 3143 συμμάχοις
851 3068 935 3141 ἡμῶν,
953 3063 999 3123 καλ
1022 3063 1070 3122 ὅσα

296 3148 422 3227 «ἐπράθη
443 3149 587 3228 Ἰουδαίων,
612 3151 670 3222 ἤτοι
694 3150 807 3227 σώματα
828 3149 846 3220 ἢ
867 3156 970 3222 κτῆσις,
988 3155 1070 3209 ταῦτα

296 3262 308 3285 ι
323 3234 457 3313 ἀφεθήτω,
470 3234 504 3292 τὰ
516 3235 563 3312 μέν
577 3235 688 3312 σώματα
702 3238 822 3318 ἐλεύθερα
836 3229 915 3309 εἶναι,
927 3241 962 3302 ὡς
981 3228 1012 3308 ἦν
1027 3238 1072 3294 ἀπ’

296 3348 307 3373 ε
323 3324 418 3399 ἀρχῆς,
430 3326 447 3391 ἡ
462 3320 489 3380 δέ
503 3327 592 3392 κτῆσις
603 3333 654 3391 τοῖς
666 3324 790 3403 πρότερον
804 3322 910 3403 κυρίοις.
923 3323 976 3382 Τὸν
990 3325 1012 3381 δ’
1024 3325 1073 3403 οὐχ

296 3436 308 3458 ι
323 3408 507 3469 ὑπακούσαντα
516 3415 554 3489 τῷ
566 3414 622 3492 ἐμῷ
635 3411 793 3488 διατάγματι
808 3411 881 3483 δίκην
892 3410 1071 3479 συστήσασθαι

297 3523 309 3548 ι
328 3494 463 3574 βούλομαι·
479 3496 527 3555 κάν
549 3499 619 3575 ἁλῷ,
633 3498 691 3556 τότε
710 3496 779 3555 κατά
796 3496 842 3568 τὴν
858 3503 903 3555 τοῦ
921 3496 1074 3577 πράγματος

257 3600 283 3638 ιο
298 3611 309 3636 ι
325 3581 397 3650 ἀξίαν
410 3582 518 3659 μελήσει
530 3606 574 3659 μοι
584 3584 726 3651 ἐπεξελθεῖν
738 3583 781 3642 τδν
795 3586 844 3661 οὐχ
855 3582 1050 3642 ὑπακούσαντα.
1061 3611 1073 3635 ι

336 3668 372 3734 ς’.
393 3669 431 3728 To
447 3670 469 3726 δ’
484 3669 547 3728 αιίτδ
558 3675 635 3729 τοῦτο
647 3672 692 3729 καὶ
708 3670 841 3735 Σιδωνίοις
852 3669 897 3728 καί
917 3671 1074 3749 Ἀντιοχεῦσι

761 502 1044 564 ΑΡΧΑΙΟΛΟΓΙΑΣ
1065 503 1161 564 Bilta.
1183 504 1230 562 ΙΔ.
1252 504 1343 564 ΚΕΦ.
1364 506 1410 565 ΙΓ.

285 656 299 683 ιν
313 625 490 706 θαρπάσαντες
506 624 660 704 ἐχαρίσαντο
677 622 766 702 βιαίως
779 633 832 691 τοῖς
844 625 906 705 πρδς
922 625 940 683 ἀ
953 624 1058 695 ἠδίκουν
1077 610 1094 643 ⁷
1107 654 1119 678 ν

1117 3183 1129 3206 o
1140 3158 1212 3213 libera
1224 3166 1250 3211 ut
1260 3165 1330 3210 antes
1345 3166 1424 3222 eruut,
1436 3160 1564 3210 bonavem
1578 3162 1605 3209 ut
1614 3160 1733 3222 prioribus
1744 3160 1842 3211 dominis
1851 3175 1881 3209 ce

1118 3280 1130 3304 ν
1142 3259 1206 3309 dant.
1247 3260 1360 3323 Quisquis
1376 3260 1455 3309 autem
1473 3258 1550 3309 edicio
1567 3271 1620 3308 meo
1639 3231 1687 3308 non
1703 3260 1819 3322 paruerit,
1834 3274 1881 3309 eum

1746 500 1867 579 [maffeii

1131 634 1227 685 sibimet
1233 636 1382 699 arripuerunt
1389 640 1414 684 et
1421 634 1496 697 largiti
1506 635 1561 683 sunt
1568 633 1688 696 iniustitiae
1695 647 1746 685 οσον
1755 634 1869 682 ministris

1105 760 1117 784 ν
1130 741 1326 803 Quandoquidem
1336 742 1406 803 igitur
1417 741 1451 791 iiii
1461 752 1542 804 μονεντε
1553 738 1683 799 dederunt,
1693 752 1793 801 mquam
1805 751 1871 787 censs

1106 860 1118 883 r
1131 855 1184 890 mus
1200 843 1227 891 ut
1237 842 1294 891 accii
1307 842 1382 892 nostri
1391 855 1419 891 ea
1435 854 1490 905 qum
1505 844 1560 891 ante
1574 841 1720 903 habuerunt,
1735 842 1832 891 nemine
1842 853 1870 889 re

1107 965 1119 987 ν
1131 946 1211 1007 tante,
1230 946 1345 995 retineant
1360 957 1482 1007 :rosque,
1502 945 1522 994 si
1539 958 1600 1007 quos
1615 958 1696 1007 agros,
1715 944 1757 1006 qui
1776 945 1871 1005 Hyrcani

1107 1067 1120 1089 ο
1132 1050 1271 1097 suanorum
1289 1047 1425 1097 ethnarcirae
1443 1052 1509 1096 crant
1531 1060 1577 1095 una
1596 1048 1635 1097 die
1657 1052 1785 1110 numquam
1805 1048 1869 1097 curs

1109 1170 1120 1192 ν
1132 1150 1230 1199 Cassius
1242 1149 1304 1200 beiio
1317 1149 1398 1199 iiiicito
1411 1154 1475 1199 moto
1485 1150 1631 1212 prouinciam
1640 1153 1746 1199 nostram
1760 1151 1872 1207 invaserit,

1108 1271 1120 1295 ν
1132 1265 1194 1301 nunc
1206 1252 1346 1315 possidetis,
1361 1252 1394 1301 iiii
1413 1252 1610 1313 restituatis;.uec
1627 1252 1701 1300 uitam
1719 1252 1770 1299 rim
1791 1253 1872 1302 Judaeia

1109 1375 1121 1398 «
1130 1354 1275 1414 edhibeatis,
1285 1354 1412 1416 quominus
1422 1326 1516 1404 valeant
1527 1354 1576 1403 suis
1585 1354 1710 1403 dominari.
1729 1356 1753 1404 Sa
1762 1355 1819 1417 quid
1829 1368 1873 1403 reru

1110 1478 1122 1501 ι
1134 1459 1158 1507 in
1170 1458 1241 1507 vestri
1255 1456 1415 1507 defensionem
1430 1457 1473 1519 ipsi
1483 1457 1610 1507 dicendum
1627 1457 1749 1518 habeatis,
1766 1470 1841 1519 quum
1850 1471 1872 1504 oo

1110 1580 1122 1603 ν
1134 1561 1240 1609 locorum
1252 1560 1399 1620 venerimus,
1408 1560 1477 1609 robis
1484 1560 1563 1609 iicebit
1570 1559 1627 1609 iilud
1637 1560 1700 1623 apud
1711 1572 1756 1608 nos
1766 1560 1871 1621 protere,

1111 1686 1122 1708 ιι
1133 1668 1161 1714 ut
1169 1666 1384 1727 qui'conatituimua
1394 1666 1485 1728 singula
1494 1666 1564 1715 sociis
1573 1680 1643 1728 aequo
1653 1666 1707 1727 jure
1716 1679 1821 1715 serame.
1832 1686 1842 1707 ι
1899 1690 1900 1705 2

1140 1772 1162 1813 5.
1176 1784 1188 1807 ν
1202 1768 1303 1813 Marcus
1316 1771 1437 1815 duronius
1455 1766 1581 1827 imperatur
1598 1765 1725 1827 Tyriorum
1747 1764 1875 1825 magistrati·

1111 1882 1122 1905 ν
1136 1864 1195 1925 bus,
1207 1865 1313 1925 meatui,
1333 1866 1420 1929 populo
1432 1865 1542 1915 satutem.
1575 1866 1685 1916 Edictum
1704 1879 1786 1914 meum
1798 1864 1827 1913 ad
1841 1878 1875 1912 ros

1112 1984 1123 2007 ν
1136 1966 1204 2027 misi,
1213 1967 1243 2017 de
1252 1981 1300 2030 quo
1310 1968 1333 2016 id
1345 1968 1414 2017 robis
1424 1968 1555 2017 curandum
1565 1982 1617 2020 esse
1629 1969 1697 2031 roto,
1710 1968 1809 2017 utiiiud
1820 1969 1875 2016 inu·

1112 2080 1124 2105 u
1137 2062 1203 2111 bulas
1210 2062 1316 2126 publicas
1326 2065 1400 2114 literis
1408 2065 1496 2115 Graecis
1503 2065 1639 2127 Latinisque
1647 2066 1767 2125 reseratis,
1777 2064 1875 2125 idemque

1113 2183 1124 2205 ν
1136 2165 1249 2228 scriptum
1257 2168 1469 2229 reponatisintoco
1478 2169 1875 2231 maximeiilustri,utahoarnibus
1901 2207 1902 2223 ,

1113 2281 1124 2303 ν
1137 2261 1181 2324 tegi
1193 2264 1276 2324 possit.
1309 2266 1872 2328 Marousitntoniusimperstor,uuusetrinm·
1901 2306 1902 2309 ,

1113 2367 1195 2416 «viris
1210 2369 1334 2431 pronubus
1350 2370 1451 2432 publicis
1462 2369 1611 2431 constitutis,
1627 2370 1689 2420 dixit
1703 2386 1710 2419 τ
1723 2372 1840 2428 Quoniam
1853 2376 1875 2420 c.

1114 2486 1126 2511 a
1142 2468 1237 2519 Cassius
1250 2470 1274 2517 in
1285 2468 1329 2517 hac
1342 2467 1472 2517 deiectione
1481 2469 1625 2531 prouinciam
1632 2503 1640 2529 ‚
1650 2482 1707 2531 quae
1719 2470 1835 2531 praesidiis
1849 2474 1876 2517 te·

1115 2586 1126 2609 ν
1137 2567 1244 2625 uebatur,
1254 2566 1353 2615 alienam
1364 2566 1473 2628 diripuit,
1482 2570 1507 2616 et
1518 2568 1595 2617 socios
1611 2566 1741 2629 expilarit,
1757 2572 1782 2616 et
1794 2569 1876 2617 iudan
1902 2573 1903 2597 ³

1115 2686 1127 2708 ν
1142 2679 1193 2715 rum
1205 2671 1299 2727 gentem
1308 2666 1466 2729 oppugnarit,
1484 2666 1571 2729 popuio
1581 2668 1686 2715 Romano
1697 2666 1814 2727 amimrn,
1824 2668 1878 2714 insu·

1115 2784 1127 2807 ν
1139 2764 1211 2815 tentia
1220 2764 1273 2827 ejus
1281 2765 1353 2814 armis
1362 2766 1448 2815 nostris
1457 2764 1599 2827 perdomita,
1607 2764 1692 2813 edictis
1700 2764 1827 2827 etjudieiis
1835 2778 1880 2827 que

1116 2868 1168 2917 aab
1178 2868 1229 2931 ipso
1238 2866 1373 2931 depraedata
1386 2869 1455 2916 erant
1466 2866 1666 2928 redintegramus,
1679 2868 1712 2915 im
1723 2873 1751 2915 οι
1765 2868 1812 2917 ista
1820 2870 1880 2916 mm
1903 2858 1904 2907 ἐ

1116 2986 1128 3010 ι
1141 2964 1282 3024 reddantur;
1301 2970 1325 3013 et
1344 2976 1495 3026 quecunque
1516 2963 1655 3014 iudeorum
1671 2966 1769 3015 vendita
1789 2967 1880 3025 tuerint,

1117 3088 1129 3110 ν
1141 3066 1192 3116 sire
1202 3079 1299 3129 corpora
1310 3066 1360 3115 sire
1372 3065 1445 3125 bona,
1458 3064 1498 3115 iiia
1510 3058 1781 3128 dimittantur,'ccrpnra
1792 3066 1879 3129 quidem

1118 3388 1130 3413 νν
1142 3382 1225 3433 poenss
1238 3367 1304 3417 luere
1314 3366 1368 3417 νοΙο
1379 3380 1385 3415 :
1398 3368 1470 3429 atque
1485 3366 1505 3415 si
1515 3364 1713 3428 deprehendetur,
1726 3370 1784 3415 tunc
1801 3380 1841 3428 pru
1853 3364 1881 3413 rei

1119 3492 1131 3515 ν
1141 3470 1254 3531 dignitate
1263 3481 1329 3519 curae
1338 3468 1396 3517 mitd
1408 3468 1452 3517 erit
1461 3466 1652 3530 persequendum
1663 3479 1715 3519 esse
1725 3440 1781 3517 eum
1792 3468 1832 3529 qui
1842 3480 1882 3515 nun

1120 3594 1132 3617 ν
1145 3572 1256 3636 paruerit.
1270 3592 1282 3614 ν

1149 3680 1172 3722 ο.
1190 3671 1280 3722 Eodem
1297 3670 1367 3720 etiam
1380 3667 1489 3731 exemplo
1500 3672 1524 3717 et
1536 3666 1639 3717 Sidoniis
1657 3671 1682 3716 et
1697 3664 1883 3715 Antiochensium

297 3756 342 3813 καί
355 3755 481 3837 Ἀραδίοις
497 3755 603 3838 ἔγραψε.
635 3756 806 3835 Παρεθέμεθα
819 3756 866 3834 μὲν
879 3746 923 3815 οῦν
935 3755 1074 3815 καὶταῦτα
1119 3762 1143 3809 et
1153 3758 1244 3809 tradiis
1256 3758 1360 3820 scripsit,
1377 3760 1408 3806 Et
1422 3757 1469 3805 isia
1477 3754 1573 3817 quidem
1584 3758 1717 3817 opportune
1725 3754 1883 3816 apposuimus.

298 3842 434 3923 εὐκαίροις,
447 3844 576 3923 τεκμήρια
597 3844 759 3921 γενησόμενα
779 3836 811 3914 ἧς
825 3842 910 3924 φαμέν
926 3841 1075 3919 Ῥωμαίους
1119 3851 1147 3897 ut
1157 3860 1212 3909 qum
1221 3846 1301 3895 sutura
1310 3845 1429 3895 aintcurae
1440 3842 1503 3892 iilius
1512 3841 1611 3901 indicia,
1621 3853 1694 3905 quum
1703 3844 1819 3891 Βοωεοοε
1827 3838 1882 3901 genti

299 3930 455 4001 ποιήσασθαι
468 3931 590 4013 προνοίας
602 3931 668 4013 ὑπὲρ
682 3937 726 3991 τοῦ
741 3930 869 4012 ἡμετέρου
882 3930 976 3996 ἔθνους.

599 4062 689 4120 ΚΕΦ.
711 4059 766 4119 ΙΓ’.

259 4200 286 4239 t⁰
341 4184 416 4245 Μετά
435 4185 558 4245 δὲταῦτα
573 4189 609 4253 είς
628 4185 725 4267 Συρίαν
744 4183 879 4244 Ἀντωνίου
893 4180 1077 4265 παραγενομί·

1120 3936 1208 3984 nostrae
1220 3932 1355 3989 adhibuisse
1364 3930 1471 3981 dicimus

1331 4051 1414 4111 car.
1436 4048 1516 4109 run.
1540 4042 1677 4125 (xxru.)

1152 4206 1231 4262 Quum
1245 4204 1324 4249 nutem
1336 4202 1418 4262 postea
1428 4197 1454 4246 iu
1465 4197 1558 4259 syrium
1569 4194 1674 4245 venisset
1686 4191 1883 4249 Antoniumque

299 4297 358 4349 νου,
379 4273 537 4354 Κλεοπάτρα
557 4274 617 4353 περὶ
637 4272 758 4332 Κιλικίαν
770 4275 914 4351 ἐντυχοῦσα
937 4272 970 4328 δι’
985 4269 1077 4351 ἔρωτος
1122 4313 1188 4374 patra
1200 4305 1448 4357 inciliciaeiobaiam
1462 4300 1882 4364 iactn,amoreejuscaptuserattu

301 4361 377 4419 αὐτὸν
388 4361 551 4441 ἐκεχείρωτο.
594 4362 648 4422 Καὶ
663 4359 694 4431 δὴ
708 4359 786 4418 πάλιν
799 4360 934 4419 Ἰουδαίων
949 4356 1041 4417 ἑκατὸν
1053 4359 1077 4415 οἱ

302 4446 474 4506 δυνατώτατοι
493 4448 681 4528 παραγίνονται
694 4446 758 4526 πρὸς
774 4445 859 4517 αὐτὸν,
874 4450 1078 4526 κατηγοροῦντες

302 4532 420 4612 Ἡρώδου
430 4533 539 4592 καὶτῶν
554 4534 614 4614 περὶ
629 4534 715 4605 αὐτὸν,
730 4532 940 4613 προστησάμενοι
950 4535 1021 4611 σφῶν
1033 4533 1079 4587 αὖ.
1123 4521 1234 4579 veniunt,

1122 4417 1174 4465 tum
1190 4418 1285 4463 centurn
1296 4411 1435 4479 iudaeorum
1448 4410 1491 4457 riri
1506 4406 1663 4471 potentissimi
1675 4418 1732 4456 eum
1744 4406 1824 4454 iterum
1837 4412 1884 4446 mu·

1243 4522 1270 4567 ut
1279 4515 1396 4567 Herodem
1406 4526 1459 4563 cum
1472 4512 1521 4561 suis
1531 4514 1683 4570 accusarent,
1698 4508 1794 4559 deiectis
1802 4504 1830 4553 ad
1839 4516 1884 4552 eam

261 4640 288 4678 *ὓ
301 4624 352 4679 τῶν
364 4620 421 4687 τοὺς
431 4622 590 4689 δεινοτάτους
598 4622 690 4699 λέγειν.
733 4619 862 4699 Ἀντέλεγε
877 4622 898 4678 δ’
909 4622 996 4687 αὐτοῖς
1008 4623 1079 4679 Μεσ-
1123 4640 1173 4676 rem
1185 4636 1282 4674 suorum
1291 4620 1497 4685 eloquentissimis.
1522 4616 1572 4665 iliis
1583 4628 1640 4664 vero
1649 4613 1820 4665 contradicebat
1831 4612 1885 4659 ties·

302 4708 384 4773 σάλας
400 4706 463 4787 ὑπὲρ
478 4714 530 4767 τῶν
545 4708 696 4781 νεανίσκων,
717 4708 843 4786 παρόντος
866 4706 911 4765 καί
933 4705 1077 4784 Ὑρκανοῦ,
1123 4729 1172 4778 ⁸313
1182 4740 1224 4791 βω
1235 4724 1439 4782 adolescentibus,
1449 4722 1567 4785 'meseum
1582 4713 1885 4778 etiamflyreuno,qui1'um

300 4795 618 4875 &queorqrssrdwom
631 4795 838 4874 Ἰδηῖενόμενος·
871 4794 1078 4872 Ἀκροασάμενος
1124 4831 1224 4882 Herodis
1234 4843 1300 4879 socer
1314 4830 1371 4877 erut
1404 4818 1774 4882 Antoniusrero,euditisapud
1783 4816 1885 4876 Daphnen

302 4882 323 4939 δ’
335 4882 488 4962 ἀμφοτέρων
503 4883 633 4950 Ἀντώνιος
647 4884 690 4942 ἐπὶ
711 4884 830 4962 Δάφνης,
845 4883 1001 4940 πυνθάνεται
1016 4880 1078 4961 Ὑρ-

302 4974 382 5026 κανοῦ
396 4968 500 5048 πότεροι
517 4978 563 5029 τοῦ
585 4971 670 5038 ἔθνους
687 4971 791 5047 ἀμεινον
812 4969 993 5050 προΐστανται.
1010 4972 1080 5040 Φη-

263 5076 291 5113 ινο
304 5076 394 5121 σαντος
405 5056 432 5113 δὲ
444 5057 502 5124 τοὺς
514 5058 573 5137 περί
585 5058 716 5137 Ἡρώδην,
731 5058 876 5129 Ἀντώνιος,
891 5056 936 5116 καὶ
948 5058 1031 5115 πάλαι
1043 5059 1080 5115 οἶ-

1049 4968 1056 4991 ν
1125 4936 1245 4997 utrisque,
1263 4931 1375 4996 quaesivit
1394 4928 1424 4979 ab
1436 4932 1545 4991 Hyrcano
1559 4926 1606 4974 utri
1622 4928 1716 4986 gentem
1737 4921 1814 4971 meiius
1830 4929 1887 4975 repe

1126 5044 1189 5101 rent3
1198 5044 1222 5087 et
1232 5050 1307 5100 quum
1319 5033 1492 5097 respondisset,
1509 5028 1627 5080 Herodem
1643 5032 1668 5077 et
1684 5038 1754 5085 suus,
1768 5020 1885 5075 Antonius,

303 5140 376 5207 κείονς
391 5140 457 5222 ἔχων
471 5144 534 5221 πρὸς
549 5145 640 5212 αὐτοὺς
660 5145 702 5203 διδ
722 5146 769 5217 τὴν
787 5144 913 5226 πατρῴαν
934 5143 1028 5216 ξενίαν,
1049 5144 1082 5215 ἣν
1126 5143 1164 5193 cui
1174 5144 1222 5204 jam
1230 5142 1285 5189 ante
1295 5152 1350 5189 cum
1363 5138 1409 5187 iiits
1418 5134 1575 5187 intercesserit
1584 5130 1730 5181 familiaritas
1738 5128 1768 5177 ob
1774 5130 1887 5188 patenum

304 5228 381 5301 ἡνίκα
395 5230 441 5288 σθν
455 5232 570 5312 Γαῦινίῳ
590 5238 676 5311 παρῆν
695 5233 834 5304 ἐπεποίητο
845 5232 908 5314 πρὸς
921 5232 963 5291 τὸν
979 5231 1080 5311 πατέρα
1127 5228 1888 5309 hospitium,quod,quumunacutuGabinicndosset,curnputra
