3859 6084
55 439 159 521 οων

51 583 133 649 ubeda,
153 576 261 643 τούτους
278 577 325 652 μὲν
344 572 502 655 ἀμφοτέρους
519 573 664 655 τετράρχας
682 573 820 643 καθίστησι

51 668 88 725 καὶ
101 665 131 723 τδι
142 668 195 721 τῶν
207 662 341 725 Ἰουδαίων
352 665 437 730 αὐτοῖς
448 660 580 739 ἐπιτρέπει
590 663 749 742 πράγματα,
760 661 821 741 γρά·

51 779 86 829 ρει
97 753 121 810 δὲ
134 752 177 809 καί
187 752 350 831 γράμματα,
365 751 410 808 καί
425 749 612 809 πεντεκαίδεκα
626 754 678 809 τῶν
692 753 822 807 ἀντιστα-

52 845 153 899 σιαστῶν
164 839 254 911 ἔδησε·
273 836 449 915 μέλλοντοςδέ
462 836 509 897 καί
523 836 631 897 κτείνειν
645 836 752 913 αὐτοὺς,
770 859 823 895 πα·

37 931 186 1011 ιρητήσαντο
200 930 225 985 οἱ
239 928 303 1009 περί
315 926 445 1007 Ἡρώδην.

88 1017 119 1096 β’.
139 1013 275 1096 ’Πρίμουν
295 1014 323 1073 al
344 1015 400 1074 οὐδ’
419 1012 500 1082 οθτως
524 1013 705 1079 ἐπανελθόντες
725 1017 755 1071 ἐκ
776 1018 823 1084 τῆς

53 1105 192 1183 πρεσόείας,
204 1103 266 1162 ἀλλ’
278 1101 401 1174 ἀπήντων
410 1102 490 1162 πάλιν
500 1102 627 1182 Ἀντωνίῳ
638 1102 718 1181 χίλιοι
728 1106 763 1168 εἷς
774 1100 824 1160 Τό·

55 1218 99 1272 ρον,
108 1194 158 1252 ἐκεῖ
171 1192 277 1259 δόςαντι
292 1188 438 1272 ἀφικέσθαι.
464 1192 517 1251 Καὶ
531 1194 545 1249 δ
560 1191 707 1263 Ἀντώνιος,
720 1190 825 1256 πολλοῖς

54 1282 96 1352 ἤδη
108 1278 294 1360 διεφθαρμένος
311 1277 446 1358 χρήμασιν
463 1277 514 1336 θπό
535 1301 564 1336 τε
581 1277 698 1359 Ἡρώδου
719 1278 824 1336 καὶτοῦ

38 1370 152 1448 τάδελφοῦ
163 1370 261 1443 αὐτοῦ,
277 1369 316 1445 τῷ
330 1364 399 1425 κατδι
410 1364 489 1424 τόπον
504 1364 609 1443 άρχοντι
620 1364 764 1444 προσέταξε
777 1386 821 1422 κο·

57 1457 123 1513 ἐάσαι
138 1455 195 1522 τώς
208 1452 374 1533 πρεσόευτδς
389 1458 440 1511 τῶν
462 1452 607 1527 Ἰουδαίων,
621 1452 752 1532 νεωτέρων
768 1454 825 1510 ἐπι-

57 1549 184 1619 θυμοῦντας
196 1540 374 1623 πραγμάτων,
388 1539 433 1599 καί
446 1548 499 1605 τοῖς
512 1540 572 1618 περὶ
584 1539 708 1620 Ἡρώδην
727 1562 825 1616 συγκα-

58 1630 161 1688 θιστάναι
173 1627 222 1700 τὴν
236 1627 336 1709 ἀρχήν.
378 1627 456 1706 Ταχὺ
470 1627 499 1686 δέ
512 1626 632 1707 Ἡρώδης
646 1623 763 1705 (ἵδρυντο
774 1624 825 1705 γάρ

58 1718 92 1777 ἐπὶ
103 1722 144 1788 τῆς
154 1718 268 1797 ψάμμου
284 1715 337 1796 πρὸ
348 1720 395 1786 τῆς
407 1716 527 1794 πόλεως)
545 1715 643 1793 προϊὼν
658 1713 761 1772 ἀπιέναι
772 1736 825 1771 πα·

37 1830 50 1867 ιε
60 1804 204 1886 ρεκελεόετο,
219 1808 301 1875 συνῆν
319 1802 347 1862 δέ
361 1806 432 1882 αὐτῷ
446 1802 490 1861 καί
504 1801 647 1882 Ὑρκανός,
663 1806 697 1868 ὡς
711 1802 826 1880 μεγάλου

60 1898 140 1963 κακοῦ,
153 1896 176 1951 εἰ
190 1890 342 1972 προέλθοιεν
357 1893 393 1958 εἰς
409 1889 576 1971 φιλονεικίαν,
591 1888 723 1967 ἐσομένου.
771 1889 826 1949 Καὶ

62 1980 136 2054 οἱμὲν
160 1983 206 2039 οὐκ
234 1979 382 2050 ἐπείθοντο,
413 1984 579 2057 παραχρῆμα
601 1976 630 2037 δέ
654 1976 826 2058 ἐκδραμόντες

62 2068 174 2142 Ῥωμαῖοι
187 2064 235 2125 σὺν
247 2065 412 2145 ἐγχειριδίοις
423 2065 481 2133 τοθς
493 2065 541 2143 μὲν
559 2068 644 2124 αὐτῶν
661 2064 825 2137 ἀπέκτειναν,

64 2156 127 2222 ἐνίοις
139 2153 164 2213 δέ
177 2154 359 2234 κατέτρωσαν,
374 2156 397 2211 οἱ
409 2152 436 2211 δέ
450 2151 535 2212 λοιποί
552 2151 717 2233 διαφυγόντες
733 2151 775 2209 ἐπ’
789 2149 826 2211 σί·

37 2260 98 2299 baca
110 2243 228 2321 περιδεεῖς
246 2239 391 2319 ἡσύχαζον.
432 2242 485 2299 Τοῦ
499 2239 526 2297 δὲ
540 2240 624 2317 δήμου
646 2239 828 2305 καταόοῶντος

63 2328 178 2410 Ἡρώδου,
189 2328 358 2410 παροξυνθείς
371 2326 502 2396 Ἀντώνιος
524 2326 584 2395 τοδς
600 2326 749 2404 δεδεμένους
764 2327 828 2387 ἀπέ-

65 2440 151 2478 κτεινεν.

95 2507 220 2583 γ’.,ίΚΔ’.)
229 2503 353 2584 Δευτέρῳ
362 2502 389 2562 δέ
401 2503 453 2561 ἔτει
463 2502 561 2583 Συρίαν
571 2502 698 2581 κατέσχον
708 2503 816 2582 Πάκορ’

66 2598 104 2650 reb
111 2594 230 2673 βασιλέως
236 2594 303 2656 παῖς
311 2592 356 2649 καλ
364 2590 553 2670 Βαρζαφάρνης
562 2589 698 2669 σατράπης
705 2590 740 2648 ὢν
751 2588 827 2669 Πάρ·

40 2684 116 2740 asdor.
151 2683 269 2760 Τελευτᾷ
284 2677 314 2737 δὲ
337 2679 382 2736 καὶ
399 2678 563 2755 Πτολεμαῖος
580 2681 594 2735 θ
615 2677 759 2749 Μενναίου,
783 2676 828 2735 καὶ

67 2768 104 2837 τὶν
115 2768 190 2850 ἀρχὴν
197 2772 277 2827 αὑτοῦ
289 2771 305 2825 θ
316 2767 378 2832 παῖς
389 2766 521 2831 Λυσανίας
527 2765 691 2845 παρτλαόὼν
700 2765 828 2845 διαπράτ-

67 2877 125 2913 τεται
143 2855 227 2935 φιλίαν
240 2855 307 2935 πρὸς
321 2852 463 2931 Ἀντίγονον
476 2853 519 2911 τδν
539 2852 753 2933 Ἄριστοόοόλου,
764 2852 828 2932 πρὸς

68 2942 262 3021 τοῦτοχρήσιμον
276 2941 323 3000 τὸν
342 2940 481 3022 σατράπην
494 2939 667 3021 παραλαόὼν,
681 2940 748 3018 μέγα
762 2940 824 3020 παρ’

69 3029 126 3108 αὐτῷ
142 3030 289 3107 δυνάμενον.
332 3028 473 3107 Ἀντίγονος
487 3029 510 3086 δ’
527 3030 677 3107 ὑπισχνεῖτο
692 3028 766 3107 χίλια
780 3028 828 3085 τά-

45 3114 136 3172 ιιλαντα
149 3117 191 3175 καί
209 3116 385 3182 πεντακοσίας
402 3118 527 3193 γυναῖκας
546 3113 638 3173 δώσειν
660 3113 790 3193 Πάρθοις,
806 3116 829 3172 εἰ

71 3200 106 3270 τὴν
123 3203 198 3283 ἀρχὴν
214 3203 348 3286 Ὑρκανὸν
365 3202 519 3281 ἀφελόμενοι
539 3201 739 3282 παραδώσουσιν
757 3204 828 3284 αὐτῷ

71 3288 164 3356 καὶτοὺς
175 3292 233 3372 περὶ
246 3291 295 3349 τὸν
308 3288 429 3369 Ἡρώδην
452 3290 579 3347 ἀνέλοιεν·
599 3291 628 3347 οὐ
649 3286 701 3365 μὴν
722 3286 827 3349 ἔδωκεν.

72 3373 125 3432 Ἀλλ’
136 3381 157 3435 οἱ
170 3376 214 3454 μὲν
227 3378 330 3459 Πάρθοι
343 3373 385 3434 διδι
394 3382 468 3434 τοῦτο
480 3376 523 3434 ἐπί
533 3374 581 3448 πλν
594 3374 723 3435 Ἰουδαίαν
736 3374 829 3454 ἐστρά-

72 3485 146 3521 τευσαν
167 3466 324 3543 κατάγοντες
343 3462 499 3541 Ἀντίγονον,
515 3463 635 3542 Πάκορος
656 3460 701 3540 μέν
721 3461 764 3521 διὰ
783 3468 829 3531 τῆς

47 3551 276 3627 οταρτθαλαττίου,
292 3555 306 3608 ὁ
327 3550 354 3609 δέ
368 3551 505 3631 σατράπης
519 3550 706 3632 Βαρζαφάρνης
726 3549 769 3607 διδ
783 3556 829 3620 τῆς

74 3640 195 3713 μεσογείου.
240 3638 336 3717 Τόριοι
359 3637 407 3715 μὲν
433 3630 476 3697 οθν
505 3637 670 3698 ἀποκλείουσι
698 3638 829 3718 Πάκορον,

75 3724 173 3785 Σιδώνιοι
186 3727 211 3784 δὲ
224 3728 270 3785 καί
291 3728 463 3803 Πτολεμαιεῖς
477 3725 604 3796 ἐδέξαντο.
645 3724 719 3798 Ἰλην
743 3724 830 3800 μέντοι

75 3811 173 3892 Πάκορος
182 3815 281 3873 ἱππέοιν
296 3816 332 3880 εἷς
341 3813 389 3883 τὴν
403 3813 534 3873 Ἰουδαίαν
543 3812 687 3894 ἐξέπεμψε,
700 3836 829 3871 κατασκε·

75 3898 169 3973 θεμένην
180 3926 208 3959 τε
219 3902 252 3960 ed
263 3899 334 3960 κατδι
347 3898 393 3970 τλν
405 3900 493 3978 χώραν
505 3900 551 3959 καί
562 3899 697 3979 Ἀντιγόνῳ
707 3898 829 3979 συμπρά·

50 3997 69 4035 tt
77 3980 164 4063 ἔωσαν,
177 3988 294 4068 ἡγεμόνα
308 4012 338 4046 τε
351 3987 487 4065 ὁμώνυμον
502 3994 546 4047 τοῦ
564 3986 691 4066 βασιλέως
703 3985 827 4065 οἰνοχόον.

76 4069 115 4129 'For
125 4076 148 4132 δέ
158 4080 204 4134 τῶν
215 4078 276 4157 περὶ
288 4077 430 4155 Κάρμηλον
440 4077 470 4133 τὸ
481 4074 539 4155 όρος
553 4075 684 4136 Ἰουδαίων
698 4074 761 4152 πρὸς
776 4074 831 4133 Ἀν-

77 4156 157 4233 τίγονον
176 4164 298 4222 ἐλθόντων
318 4170 363 4221 καὶ
380 4161 558 4220 συνεισόαλεῖν
579 4164 686 4237 ἑτοίμοις
710 4161 830 4239 ἐχόντων,

79 4248 200 4320 προσεδόκα
215 4250 246 4308 δι’
257 4250 355 4316 ἀὐτοὺς
363 4254 409 4319 τῆς
422 4248 510 4328 χώρας
522 4248 597 4328 μέρος
608 4271 633 4306 τι
646 4246 736 4305 λαθεῖν
749 4250 762 4303 δ
774 4246 830 4305 Ἀν-

79 4328 167 4406 'd'llttt'
186 4336 285 4417 Δρυμοί
303 4334 375 4395 δὲτὸ
388 4336 482 4416 χοιρίον
508 4337 635 4392 καλεῖται.
677 4332 731 4391 Καί
753 4356 829 4391 τινων

55 4418 270 4484 ιιίιττντιασάντων
285 4428 383 4495 αὐτοῖς,
401 4424 594 4482 διεκπίπτουσιν
607 4425 643 4487 εἰς
662 4420 831 4499 Ἱεροσολυμα

81 4506 99 4559 οἱ
110 4506 231 4587 ἄνθρωποι.
242 4509 460 4589 Προσγενομένων
472 4508 501 4568 δέ
516 4532 601 4580 τινων,
616 4508 709 4567 πολλοὶ
720 4530 833 4588 συστρα-

518 434 646 509 auaro.
667 433 747 495 ron.
768 434 842 524 nra.
866 434 942 495 νιν.
964 434 1049 495 cur.
1070 436 1148 496 nur.

1424 434 1545 513 [reipsa]
1588 444 1643 495 5⁵7

866 598 951 635 eorum
963 584 1063 645 lecerat,
1074 584 1158 634 ambos
1166 583 1263 647 quidem
1274 583 1404 633 tetrarchas
1417 584 1554 643 constituit,
1566 584 1649 645 eisque

869 685 947 721 rerum
962 672 1115 722 ludaicarurn
1126 670 1354 720 administrationem
1366 670 1477 731 mandat,
1498 673 1523 720 et
1536 684 1564 719 ca
1580 670 1610 720 de
1623 684 1649 719 ra

868 761 948 809 literas
961 760 1070 822 scripsit,
1081 764 1106 807 et
1119 759 1254 821 quindecim
1267 758 1459 807 adversariorum
1470 758 1494 807 iu
1507 758 1601 807 vincula
1610 757 1649 807 de·

867 847 915 909 dit,
928 852 952 897 at
968 860 1042 910 quum
1058 848 1183 897 casellam
1196 847 1321 895 occisurus
1334 852 1412 908 esset,
1429 860 1472 910 pro
1481 846 1528 895 iltis
1537 846 1649 909 depreco-

867 940 908 985 tus
919 939 957 983 est
969 934 1082 983 llerodes.

900 1029 922 1073 2.
938 1026 1021 1085 Neque
1031 1026 1109 1071 tamur
1120 1021 1154 1070 illi
1164 1034 1178 1070 a
1188 1022 1303 1081 legatione
1313 1020 1400 1069 rereral
1410 1020 1563 1083 quiescebant
1574 1035 1580 1068 ι
1591 1006 1648 1083 quin

867 1123 998 1173 Automula
1016 1135 1098 1171 rursus
1112 1121 1176 1170 mille
1189 1120 1300 1169 adierunt
1312 1121 1375 1182 apud
1387 1122 1490 1182 Tyrum,
1503 1133 1552 1182 quo
1564 1122 1649 1168 ventu·

868 1235 922 1271 rum
935 1220 998 1271 lama
1014 1225 1072 1270 erat.
1106 1222 1137 1271 Et
1147 1220 1276 1279 Antonius,
1289 1220 1371 1269 multis
1381 1220 1429 1281 jam
1445 1219 1550 1283 pssumis
1562 1218 1650 1269 ablic-

868 1320 925 1371 rode
933 1324 957 1369 et
966 1319 1018 1381 eius
1029 1318 1100 1370 tratre
1109 1324 1253 1385 corruptus,
1265 1319 1317 1380 ejns
1329 1320 1375 1369 loci
1390 1320 1574 1379 administratori
1591 1335 1650 1385 prar-

868 1420 932 1483 cepit
941 1418 1150 1471 uadatudaorum
1158 1418 1393 1481 legatissuppliciurn
1401 1425 1505 1469 sumeret
1512 1456 1520 1481 ,
1528 1422 1568 1482 qul
1580 1422 1650 1471 noris

871 1523 944 1573 rebus
952 1522 1086 1583 studerent,
1097 1520 1233 1584 lierodique
1243 1520 1400 1583 principatum
1411 1520 1534 1571 stabiliret.
1547 1522 1652 1571 lter-odes

870 1636 927 1674 roro
939 1624 1011 1685 (nam
1023 1625 1079 1673 ante
1093 1622 1178 1671 urbem
1190 1622 1214 1671 io
1225 1634 1297 1671 arena
1310 1622 1480 1684 constiterant)
1491 1622 1599 1686 protinus
1610 1636 1641 1673 an

869 1722 990 1783 tegressus
1000 1734 1055 1769 curu
1066 1724 1176 1782 Hyrcano
1185 1718 1226 1781 qui
1239 1718 1319 1768 tumel
1329 1718 1424 1780 aderat,
1437 1732 1478 1769 eos
1488 1718 1653 1769 utdisoederet

872 1814 1020 1876 hortabatur,
1029 1816 1118 1878 quippe
1128 1828 1214 1877 magno
1225 1828 1308 1865 eorum
1318 1816 1380 1865 malo
1392 1816 1513 1876 futurum,
1528 1817 1547 1865 si
1559 1817 1589 1866 ad
1599 1831 1653 1866 oon·

871 1916 1002 1965 tentionem
1014 1916 1132 1966 venirent.
1166 1919 1196 1965 Et
1214 1917 1246 1965 illi
1264 1916 1362 1979 quidem
1381 1931 1428 1967 non
1443 1919 1652 1982 obtemperarant;

872 2018 953 2067 statim
971 2030 1028 2067 varo
1056 2018 1170 2079 Romani,
1196 2017 1220 2066 in
1245 2030 1286 2067 eras
1306 2018 1446 2081 pugionibus
1469 2020 1531 2069 lacto
1549 2020 1654 2083 impetu,

871 2118 963 2179 partem
974 2129 1057 2166 eorum
1076 2114 1257 2175 interfecerunt,
1277 2117 1404 2165 nonnullos
1422 2118 1589 2179 vulnerarunt,
1603 2120 1654 2169 reli·

871 2218 913 2281 qui
924 2222 1004 2267 autem
1016 2216 1129 2279 domurn,
1142 2219 1197 2281 luga
1208 2218 1308 2281 dilapsi,
1317 2220 1412 2281 quietos
1433 2234 1459 2269 se
1472 2222 1556 2284 trepidi
1574 2228 1655 2272 tenue·

872 2324 935 2369 runt.
946 2318 1038 2382 Populo
1051 2330 1108 2368 raro
1124 2318 1239 2368 adversus
1258 2318 1376 2369 Herodem
1389 2318 1545 2382 vociferante,
1561 2334 1655 2372 exacer-

873 2417 942 2466 batus
951 2416 1070 2468 Antonius
1083 2417 1176 2465 tinctos
1188 2415 1315 2465 interiecit.

906 2515 1014 2575 lxxiv.)
1028 2518 1051 2563 ³.
1064 2515 1221 2563 Annoautem
1234 2513 1338 2562 secundo
1349 2514 1442 2576 syriam
1457 2520 1602 2576 occuparunt
1614 2519 1655 2565 Pa·

872 2629 943 2665 corna
951 2616 1012 2678 regis
1021 2615 1083 2665 lrlius
1095 2621 1118 2664 et
1131 2614 1306 2679 Barzapbarnes
1317 2617 1457 2665 Parthorum
1469 2612 1573 2680 satraps.
1587 2618 1654 2667 onst

872 2718 926 2762 tum
935 2714 1079 2763 Ptolemaeus
1088 2712 1443 2776 lieunoeililius,e1'usqnetilius
1451 2714 1575 2775 bysantos,
1584 2727 1656 2762 occu-

873 2817 928 2879 peto
944 2816 1096 2879 principatu,
1110 2814 1239 2864 amicitiam
1253 2813 1357 2863 institnit
1372 2826 1427 2863 curn
1439 2816 1556 2876 Antigono
1568 2815 1655 2865 Aristo·

872 2917 923 2966 buli
934 2916 997 2977 tilio,
1008 2929 1066 2965 usus
1079 2916 1110 2965 ad
1121 2916 1146 2965 id
1156 2929 1228 2979 opera
1239 2921 1354 2979 satrapa,
1371 2916 1412 2978 qui
1427 2915 1490 2980 apud
1507 2917 1654 2978 Antigonum

874 3016 977 3065 multum
989 3018 1091 3079 poterat.
1122 3016 1256 3077 Antigonus
1265 3020 1345 3066 autem
1358 3016 1451 3065 Parthia
1460 3014 1526 3065 mdis
1534 3015 1624 3065 talenta
1632 3022 1657 3066 et

873 3116 1014 3179 quingentas
1021 3115 1122 3165 laminas
1129 3116 1294 3179 pollicebatur,
1303 3116 1374 3164 sisibi
1380 3115 1539 3178 principatum
1546 3118 1658 3177 Hyrcano

872 3219 981 3279 ereptum
995 3216 1113 3267 traderent
1128 3220 1153 3265 et
1167 3217 1284 3267 Herodem
1295 3230 1351 3266 cuna
1368 3218 1418 3266 suis
1430 3217 1588 3267 interficerent
1599 3238 1604 3267 :
1617 3231 1655 3267 no·

875 3330 922 3379 que
932 3330 989 3367 raro
998 3316 1071 3368 dedit
1083 3321 1114 3368 Et
1124 3320 1204 3367 tameo
1215 3318 1296 3367 Partiri
1303 3330 1356 3367 earn
1366 3318 1503 3367 oboausam
1514 3318 1538 3367 in
1546 3318 1657 3368 Judaeam

873 3416 1049 3479 expetitionem
1068 3418 1189 3479 lecerunt,
1210 3418 1354 3479 Antigonum
1377 3417 1533 3479 reducentes,
1552 3421 1656 3468 Pacorus

875 3514 973 3577 quidem
988 3529 1029 3578 per
1045 3530 1110 3565 oram
1123 3514 1282 3575 maritimam,
1294 3516 1470 3579 Barnapirarnes
1493 3530 1549 3565 vero
1565 3522 1658 3579 satrapa

873 3630 916 3679 per
928 3616 1108 3667 mediterranea.
1140 3621 1171 3667 Et
1181 3620 1297 3667 Pacorum
1309 3617 1406 3680 quidem
1414 3618 1567 3669 excluserunt
1575 3618 1656 3681 Tyrii,

875 3711 965 3761 sidonii
976 3724 1031 3761 raro
1042 3718 1066 3761 et
1077 3713 1262 3764 Ptolemaeoses
1271 3714 1429 3763 admiserunt.
1462 3716 1575 3765 ceterum
1587 3718 1658 3763 Paco-

876 3825 917 3860 rus
925 3812 1033 3875 equitum
1043 3815 1146 3862 turmam
1157 3814 1217 3862 nrisit
1232 3813 1256 3861 in
1269 3814 1392 3872 Judaeum,
1405 3826 1460 3875 quse
1473 3814 1592 3875 regionem
1603 3826 1655 3875 spc-

874 3913 994 3964 cularetur
1005 3918 1030 3965 et
1044 3914 1191 3976 Antigonum
1207 3911 1342 3973 adiuvaret,
1360 3911 1494 3975 ducemque
1512 3912 1560 3973 regi
1572 3924 1655 3972 cogno·

875 4015 981 4076 minem,
998 4016 1159 4077 pocillatorem
1178 4014 1276 4075 regium.
1309 4016 1389 4070 Quum
1412 4018 1493 4061 autem
1518 4013 1656 4062 ludaeorum

875 4111 973 4173 quidem
982 4146 990 4172 ,
1000 4114 1105 4160 moutam
1119 4112 1255 4160 carmelum
1265 4110 1407 4169 incolentes,
1422 4109 1453 4159 ad
1464 4123 1520 4159 eum
1536 4122 1562 4159 se
1573 4111 1656 4158 contra·

875 4210 969 4269 iissent,
985 4212 1010 4259 et
1022 4208 1097 4271 parati
1116 4212 1197 4258 essem
1212 4221 1267 4257 euru
1280 4222 1308 4257 ao
1320 4222 1368 4257 una
1386 4208 1535 4269 irrumpere,
1547 4208 1658 4269 sperabat

876 4316 1008 4376 Antigonus
1018 4326 1044 4363 se
1053 4314 1140 4364 borum
1149 4325 1221 4375 opera
1233 4317 1325 4374 partem
1337 4310 1441 4373 aliquam
1451 4310 1553 4370 regionis
1560 4310 1657 4373 adeptu-

876 4426 987 4463 rumesse
995 4432 1001 4460 :
1010 4412 1166 4461 locusautam
1172 4410 1370 4472 Drymilsotlrea)
1378 4408 1519 4471 appellatur.
1527 4412 1657 4469 Quumque

876 4504 1657 4569 nonnulliiisoceurrissent,Hierosolymadelnhomineslstiolam
1726 4505 1729 4512 '

81 4591 150 4668 γίντες
162 4600 201 4656 ἐπί
212 4600 245 4657 τά
260 4598 380 4679 βασιλεια
399 4590 462 4669 ἧκον
483 4596 528 4655 καί
552 4602 632 4654 ταῦτα
656 4596 831 4674 ἐπολιόρκουν·
877 4603 1504 4672 pergunt:etqooruudamaoacssloueadjuti,magna
1514 4616 1584 4653 manu
1596 4604 1658 4652 lacta

83 4682 390 4756 πίωῶθθώπθδδὲτῶν
404 4683 622 4765 πεθὶψασᾶηλον
636 4688 681 4741 καί
695 4681 830 4761 Ἥθώδθνι
877 4706 1459 4772 adregiamveniebaut,eamqueoppugnabant.
1492 4711 1657 4770 Opemautem

82 4767 118 4822 καί
137 4772 214 4851 μᾶάηί
235 4772 372 4853 senefiam<
391 4772 459 4831 κατὰ
487 4770 535 4843 *δν
554 4773 661 4850 imam
683 4773 788 4827 νικῶσιν
809 4772 833 4875 ⁰}
877 4807 1008 4860 terentibus
1017 4810 1130 4859 Pbasaelo
1139 4814 1163 4859 et
1173 4807 1469 4870 llcrodc,oemmissaquc
1476 4808 1499 4855 iu
1509 4806 1559 4856 loro
1567 4820 1657 4869 pugna,

59 4865 191 5017 ωέζγννωκίι
211 4861 267 4931 τοὺς
288 4861 441 4970 πολειμίωῆ
463 4884 508 4918 m
535 4858 717 4925 συνδιωξαντες
740 4881 789 4969 Είςι
804 4880 833 4915 το
877 4914 1025 4965 adversarios
1042 4914 1151 4962 vicerunt
1165 4913 1285 4973 juvenes:
1304 4911 1375 4961 cleis
1391 4911 1415 4959 in
1429 4910 1510 4959 lanum
1528 4912 1658 4975 compulsis

148 4968 284 5022 πεμπουσιν
298 4952 406 5015 θπλιτας
416 4946 487 5014 τινάς
500 4949 536 5013 είς
554 4945 600 5013 τάς
613 4944 723 5017 πλησίον
738 4968 833 5016 οικιας,

88 5032 249 5110 χωρήσω,
258 5036 351 5109 αὐτὸς,
365 5036 407 5103 οὓς
416 5034 562 5100 ἐπαναπγς
572 5038 585 5091 δ
595 5036 675 5109 δῆμος
687 5031 833 5110 συμμάχων
878 5016 994 5065 miserunt
1005 5020 1110 5065 armatos
1126 5012 1241 5076 quosdam
1253 5013 1380 5062 invicinus
1391 5014 1490 5073 domos,
1506 5013 1547 5074 qul
1562 5026 1602 5062 eas
1618 5026 1658 5061 cu·

89 5117 147 5180 οντες
158 5119 257 5198 ἐρήμους
271 5123 317 5182 σὺν
337 5126 424 5189 αὐτοῖς
442 5121 522 5188 οἴκοις
537 5121 709 5201 κατέπρησεν,
751 5118 834 5198 Ὑπὲρ
878 5114 1008 5176 dedicent,
1026 5127 1086 5177 quoa
1102 5125 1227 5176 aggressus
1244 5112 1347 5175 popolus
1360 5112 1447 5161 auxilio
1465 5110 1658 5162 destitutoscum

90 5199 128 5269 pir
138 5195 174 5261 νίν
180 5212 222 5279 τῆς
235 5210 333 5278 ἀδικίας
345 5210 443 5282 ταύτης
455 5208 574 5292 Ἡρώδης
588 5209 644 5287 μετ’
655 5207 740 5286 ὀλίγον
752 5230 832 5285 τιμω·
879 5214 937 5278 ipsis
946 5212 1058 5264 domibus
1067 5215 1257 5264 concremarunt.
1289 5215 1318 5262 El
1330 5211 1361 5262 ob
1370 5212 1431 5262 banc
1442 5211 1538 5275 quidem
1548 5210 1656 5272 injuriam
