3859 6084
73 466 178 540 lusu-l

65 599 138 661 πίεζον
157 592 218 671 πρὶς
241 591 335 649 αὐτόν·
365 594 473 667 ἡγοῦντο
496 588 547 669 γὰρ
570 589 615 648 τὸν
630 587 723 647 τούτου
738 586 823 667 γέμον

66 682 188 760 ἐτεόίθραν
203 680 254 745 τοῖς
264 686 426 757 παρανομεῖν
439 676 499 757 περὶ
506 677 552 743 τὰς
561 682 612 735 τῶν
623 680 751 755 γυναικῶν
760 698 822 734 συν·

65 768 159 837 οικήσεις
178 764 376 843 βουλησομένοις
394 764 527 841 γενέσθαι,
548 764 594 822 καλ
612 768 659 835 τῆς
678 763 741 843 πρὸς
764 761 823 828 τοῦς

67 856 204 933 αλλορὺλους
216 854 302 919 αὐτοῖς
319 853 451 919 κοινωνίας
465 853 549 931 ἂρχὴν
565 856 641 910 τοῦτο
659 850 777 919 έσεσθαι,
791 852 822 906 ὑ-

48 944 146 1021 rcipias
162 942 248 1018 μέντοι
267 942 314 999 καὶ
333 946 380 1010 τῆς
394 940 520 1020 προτέροις
534 937 719 1019 αἰχμαλωσίας
737 939 824 1003 αὐτοῖς

65 1032 100 1087 καί
112 1034 155 1087 τῶι
170 1032 257 1086 κακῶν
272 1027 355 1095 αἴτιον
367 1027 398 1086 τὸ
409 1028 469 1107 περὶ
483 1026 542 1094 τοῦς
552 1028 650 1105 γόμους
664 1028 823 1103 πλημμελῆ·

68 1118 102 1172 σαί
121 1141 185 1182 τινας
208 1117 253 1173 καὶ
276 1114 420 1192 ἀγαγέσθαι
442 1123 566 1191 γυναῖκας
590 1117 637 1173 οὑκ
656 1112 821 1193 ἐπιχωρίους.

68 1203 182 1263 'imissa
196 1194 239 1260 οῦν
249 1202 295 1261 τὸν
311 1206 457 1272 Μανασσῆν
470 1200 664 1281 διαζεύγνυσθαι
677 1207 723 1273 τῆς
732 1224 823 1277 γυναι-

66 1290 111 1359 κος,
123 1290 138 1359 ὑ,
152 1290 186 1365 μή
199 1288 335 1369 προσιέναι
348 1292 386 1367 τῷ
404 1288 590 1367 θυσιαστηρίῳ.
632 1291 686 1349 Τοῦ
698 1288 720 1346 δ’
734 1292 824 1367 δρχιε·

42 1376 115 1454 opius<
127 1379 222 1457 τῷλαῷ
229 1381 486 1453 συναγανακτοῦντος
494 1377 540 1433 καὶ
552 1374 679 1455 εἴργοντος
687 1375 732 1433 τδν
742 1377 825 1433 οίδελ-

68 1466 102 1521 ὠν
115 1471 154 1522 τοῦ
167 1468 272 1541 βωμοῦ,
288 1462 500 1541 παραγινόμενος
514 1468 529 1522 ὑ
547 1466 692 1531 Μανασσῆς
705 1462 768 1542 πρὸς
781 1460 825 1520 τδν

67 1552 166 1631 πενθερόν
177 1550 396 1626 Σαναόαλλέτην,
406 1549 522 1631 στέργειν
529 1550 576 1627 μίν
587 1550 674 1629 έλεγεν
689 1553 767 1608 αὑτοῦ
777 1548 825 1621 τήν

69 1640 172 1717 θυγατέρα
181 1636 305 1709 Νικασὼ,
315 1642 362 1709 τῆς
374 1636 462 1713 μέντοι
469 1641 694 1717 ὑερατυιῆςτιμῆς,
702 1637 827 1715 μεγίστης

69 1726 130 1795 οίσης
137 1728 159 1783 ἐν
169 1725 279 1805 τῷέθνει
289 1725 336 1783 καὶ
346 1730 383 1806 τῷ
392 1723 459 1801 γένει
469 1724 684 1803 παραμενούσης,
696 1727 725 1783 οῦ
738 1725 826 1803 βούλε-

45 1816 115 1872 οσθαι
125 1813 153 1868 δι’
168 1812 247 1884 αὐτὴν
266 1810 414 1892 στέρεσθαι.
456 1814 509 1871 Τοῦ
521 1811 550 1871 δέ
568 1810 773 1873 Σαναόαλλέτου
788 1810 826 1888 μὴ

70 1898 129 1973 μόνον
141 1899 260 1979 τηρήσειν
274 1902 348 1980 αὑτῷ
358 1898 405 1970 τήν
418 1898 570 1978 ἱερωσύνην,
585 1899 653 1958 ἄλλο
666 1900 712 1957 καλ
723 1896 769 1969 τῆν
782 1902 826 1980 α’ρ·

68 1988 197 2065 χιεματικὴν
206 1986 328 2067 παρέξειν
339 1986 448 2062 δύναμιν
457 1987 503 2045 καί
514 1985 592 2063 τιμὴν
605 1986 826 2065 ὑπισχνουμένου,

69 2074 103 2130 καί
117 2075 215 2133 πάντων
234 2073 379 2143 ἀποδείξειν
399 2067 436 2133 ῶν
453 2074 529 2141 αὑτὸς
548 2077 647 2155 ίπῆρχε
664 2074 750 2133 τόπων
763 2078 825 2149 ήγε-

70 2160 135 2234 μόνα,
150 2162 303 2240 βουλόμενον
316 2164 443 2221 συνοικεῖν
453 2165 575 2241 αὑτοῦτῆ
590 2161 711 2243 θυγατρί,
723 2161 768 2220 καὶ
783 2160 826 2219 λέ·

43 2264 140 2323 υγοντος
151 2250 328 2327 οἰκοδομήσειν
337 2250 398 2308 ναὸν
411 2249 498 2327 ὅμοιον
511 2250 574 2309 όντιι
587 2254 626 2331 τῷ
639 2252 666 2309 έν
678 2258 730 2315 τοῖς
739 2248 828 2329 Ἱερο-

70 2336 181 2411 σολύμοις,
192 2340 234 2395 έπὶ
248 2344 294 2396 τοῦ
308 2342 331 2399 Γ
331 2337 427 2417 αριζεὶν
436 2335 605 2418 όρουςδκατο
616 2334 662 2406 τήν
674 2336 827 2413 Σαμάρειαν

70 2426 121 2500 δρῶν
137 2429 199 2484 ἐστιν
213 2425 389 2505 ὑρηλότατον,
401 2426 445 2483 καὶ
457 2431 533 2483 τοῦτο
544 2424 661 2495 ποιήσειν
674 2425 828 2502 έπαγγελλο·

71 2508 132 2583 μένου
143 2510 205 2588 μετὰ
213 2517 259 2583 τῆς
266 2511 381 2592 Δαρείου
390 2510 495 2590 γνώμης
507 2518 551 2571 τοῦ
565 2511 700 2588 βασιλέως,
711 2510 829 2588 ἐπαρθείς

71 2600 114 2664 ταῖς
125 2598 289 2678 ὑποσχέσεσιν
304 2604 319 2658 ὑ
334 2603 479 2670 Μανασσῆς
490 2600 620 2679 παρέμενε
635 2602 672 2678 τῷ
688 2597 828 2657 Σαναὺαλ·

44 2685 131 2763 αλέτη,
142 2684 185 2756 τήν
195 2686 395 2767 ἀρχιερωαίνην
406 2687 521 2763 οἰόμενος
533 2687 597 2754 έξειν
610 2686 721 2765 Δαρείου
732 2685 828 2751 δόντος·

71 2773 159 2851 καὶγὰρ
170 2773 308 2832 συνέόαινε
324 2773 368 2832 τδν
381 2774 585 2846 Σαναόαλλέτην
597 2775 647 2845 ήδη
656 2772 829 2853 πρεσόότερον

72 2850 131 2916 εἶναι.
176 2863 290 2921 Πολλῶν
309 2860 336 2919 δὲ
351 2860 441 2941 ἱερέων
458 2862 502 2920 καί
519 2863 692 2941 Ἰσραηλιτῶν
708 2883 831 2926 τοιουτοις

72 2947 147 3022 γίμοις
164 2948 408 3024 ἐπιπεπλεγμένων,
429 2950 550 3029 κατεῖχεν
573 2950 601 3005 οὐ
628 2946 709 3027 μικρὰ
726 2947 830 3027 ταραχὴ

72 3034 116 3099 ssi:
130 3036 346 3115 Ἱεροσολυμίτας.
398 3037 549 3116 Ἀρίσταντο
568 3036 618 3115 γὰρ
637 3034 750 3100 ε’ίπαντες
766 3032 831 3113 πρὸς

45 3140 64 3179 οι
73 3122 105 3179 τοι
118 3127 263 3194 Μανασσῆν,
277 3129 327 3181 τοῦ
345 3123 547 3183 Σαναόαλλέτου
560 3129 732 3203 χορηγοῦντος
746 3122 832 3187 αῦτοῖς

72 3212 107 3266 καὶ
117 3212 233 3291 χρήματα
249 3211 300 3269 καί
314 3211 403 3291 χῶραν
420 3214 456 3278 εἰς
474 3212 601 3292 γεωργίαν
619 3211 665 3268 καί
680 3210 832 3281 κατοίκησιν

73 3298 264 3379 ἀπομερίζοντος,
283 3299 329 3357 καί
342 3298 421 3357 παντί
434 3298 524 3380 τρόπῳ
535 3302 573 3379 τῷ
583 3298 695 3378 γαμόρῷ
710 3298 833 3377 συμγελο·

71 3388 197 3454 καλοῦντος.

102 3472 130 3549 γ’.
151 3476 224 3534 Κατὺ
236 3474 264 3534 δὲ
282 3480 371 3533 τοῦτον
389 3473 432 3531 τὸν
444 3473 534 3552 καιρὸν
547 3478 654 3553 Δαρεῖος
669 3472 781 3538 ἀκούσας
794 3470 834 3529 ότι

551 458 677 531 ANTlQ.
698 458 779 517 ΗΠ).
802 458 873 517 Ltu.
897 458 946 517 xl.
970 458 1051 517 ctu.
1076 460 1154 517 viu.

1478 462 1547 541 [siu]
1590 476 1646 525 ltu

869 596 927 645 naut
944 598 1008 646 enim
1026 597 1078 659 eius
1097 598 1273 647 matrimonium
1293 598 1391 659 gradium
1411 612 1463 649 csso
1478 600 1506 649 iis
1525 604 1566 665 qui
1587 604 1610 652 iu
1623 618 1648 653 m

868 704 951 751 uxoria
963 716 1062 767 peccare
1074 704 1176 765 vellent,
1193 704 1264 767 idque
1279 705 1374 753 initium
1385 706 1434 755 luce
1452 708 1562 758 ineunxlm
1574 712 1648 759 socie·

868 812 923 859 tatis
938 824 995 859 cum
1011 812 1139 861 extraneis.
1176 814 1229 861 lum
1248 826 1303 861 roro
1319 814 1448 874 superioris
1462 816 1609 876 captiuitatis
1624 823 1648 867 et

867 916 985 966 sudorum
995 930 1092 967 cansam
1101 917 1160 979 ipsis
1172 918 1244 967 luisse
1251 918 1314 981 quod
1323 918 1420 981 quidam
1431 921 1454 969 io
1464 922 1589 971 ooourxbiis
1599 938 1650 985 peu

867 1021 1019 1071 corinenses
1032 1014 1166 1085 perer'qdnss
1175 1036 1263 1071 uxores
1276 1023 1410 1073 duxissent.
1442 1027 1649 1088 lisquejubeirant

869 1130 993 1179 Μουεοοειι
1004 1130 1030 1177 nt
1041 1130 1083 1177 aut
1094 1128 1223 1179 clirortium
1234 1142 1289 1179 cnm
1300 1143 1373 1179 uxore
1387 1132 1483 1191 iaceret,
1493 1132 1572 1181 autad
1583 1148 1649 1183 aram

868 1247 899 1283 ue
908 1232 1038 1283 secederet.
1070 1234 1142 1295 igitur
1154 1246 1229 1297 quum
1242 1236 1347 1297 pontilex
1358 1237 1445 1297 pariter
1458 1250 1485 1287 er
1497 1240 1601 1302 populus
1613 1240 1648 1289 in·

869 1343 939 1405 digne
951 1356 997 1391 rxoc
1010 1344 1080 1392 terret
1094 1348 1119 1391 et
1135 1342 1233 1392 tratrem
1250 1344 1279 1393 ab
1292 1358 1333 1393 xrs
1345 1350 1450 1406 arceret,
1466 1345 1516 1396 adit
1527 1350 1651 1398 Monaeses

869 1460 981 1498 socero·
999 1448 1177 1507 Saoabitleteo,
1190 1454 1213 1499 et
1225 1449 1360 1513 sequidem
1375 1464 1455 1501 amare
1469 1452 1563 1505 dicebat
1575 1456 1650 1505 tiliam

869 1555 923 1617 eins
933 1556 1033 1617 Nicaso,
1043 1557 1077 1603 sic
1089 1562 1167 1606 tamen
1179 1558 1206 1606 ut
1215 1558 1355 1608 mcerdotali
1373 1560 1472 1623 Ιιοιιοεσ,
1485 1562 1525 1625 qul
1542 1562 1566 1612 in
1581 1570 1651 1625 geute

870 1660 902 1710 xit
917 1662 1038 1711 maximus
1051 1667 1075 1711 et
1087 1662 1110 1711 in
1123 1661 1205 1711 eadem
1223 1663 1311 1713 inuritis
1328 1668 1433 1726 utaueat,
1450 1668 1538 1729 privari
1556 1676 1651 1733 propter

870 1779 922 1814 eam
935 1764 998 1813 lraxxd
1011 1766 1074 1816 velit.
1087 1766 1123 1815 ad
1134 1767 1185 1815 lirec
1194 1781 1269 1827 quum
1277 1769 1439 1821 sanabailetes
1449 1774 1596 1835 promisisset
1604 1790 1651 1827 non

870 1872 948 1921 solum
965 1873 1126 1923 sacerdotium
1138 1875 1160 1923 ei
1172 1887 1198 1923 se
1209 1878 1375 1938 miraturum,
1389 1880 1559 1931 verumetiam
1576 1885 1652 1946 ponti·

872 1978 950 2027 iciam
969 1983 1110 2043 protestatem
1127 1985 1151 2029 et
1163 1981 1278 2031 lroxxorem
1296 1985 1475 2047 praestiturum,
1491 1992 1516 2035 et
1530 1990 1652 2049 omnium,

871 2084 959 2147 qrxiixus
971 2084 1021 2147 ipre
1034 2088 1154 2146 praesset,
1167 2084 1272 2135 locorum
1283 2086 1409 2149 praesidum
1421 2090 1652 2155 ellecturnur,modo

872 2190 945 2239 utiam
958 2204 1027 2239 suram
1040 2191 1140 2239 retinere
1152 2190 1210 2240 velit
1220 2204 1331 2251 uxorem,
1340 2192 1488 2257 dixissetque
1501 2198 1617 2261 templum
1627 2216 1650 2251 se

871 2295 1059 2355 ruditiraturum,
1078 2296 1285 2359 uioxusolpmitaoi
1302 2296 1396 2360 simile,
1409 2302 1432 2349 to
1447 2310 1528 2355 monte
1544 2307 1652 2366 Garizio,

872 2402 913 2463 qui
930 2402 954 2449 in
973 2403 1077 2451 sarrianis
1090 2406 1128 2451 est
1141 2406 1275 2453 ceterorum
1287 2404 1403 2455 montium
1421 2406 1568 2473 altissimus,
1580 2412 1653 2475 idque

872 2509 903 2557 de
914 2510 978 2559 Darii
988 2510 1048 2569 regis
1058 2510 1174 2559 sententia
1185 2512 1318 2574 lecturum
1331 2513 1369 2562 liis
1378 2516 1501 2576 promissis
1515 2518 1592 2567 elatus
1602 2524 1653 2569 Με-

873 2631 955 2665 nasscs
964 2618 1306 2681 xosnsitapndsansbalteten,
1317 2620 1480 2683 pontificatum
1490 2627 1590 2675 sollerti
1602 2642 1654 2677 ιιιιι·

874 2737 929 2771 nere
936 2724 1089 2773 obtenturum
1097 2738 1194 2788 sperans
1203 2741 1209 2773 ε
1218 2740 1273 2775 nam
1284 2728 1498 2792 sanaballetesjom
1508 2733 1586 2781 senior
1593 2738 1651 2783 erat.

770 2859 776 2878 ι
875 2833 904 2879 ut
918 2831 974 2891 qnia
988 2830 1057 2879 multi
1068 2830 1204 2879 sacerdotes
1215 2836 1240 2881 et
1256 2832 1370 2883 israelites
1383 2840 1451 2885 eruut
1462 2837 1579 2897 elusxnodi
1595 2850 1653 2887 con·

874 2936 946 2997 logiis
962 2935 1093 2997 implicati,
1105 2934 1225 2997 agitabunt
1241 2950 1289 2985 non
1306 2938 1438 2987 mediocres
1450 2940 1527 2989 turine
1542 2943 1654 2992 tlieroso·

877 3043 1014 3106 lymitaoos.
1053 3042 1197 3093 deliniebant
1209 3046 1272 3094 enim
1284 3058 1368 3095 omnes
1385 3046 1415 3095 ad
1428 3050 1567 3111 Manassen,
1581 3055 1654 3101 Saua-

877 3150 963 3200 baliete
974 3151 1008 3200 eis
1021 3152 1144 3213 pecuniam
1159 3152 1341 3216 suppeditante,
1351 3156 1375 3203 et
1392 3160 1479 3205 terram
1495 3158 1525 3207 sd
1542 3161 1655 3221 agricola·
1729 3182 1735 3195 ·

876 3256 966 3303 tionem
974 3258 999 3303 et
1007 3252 1310 3316 habitationemdixideute,
1318 3257 1477 3321 omnibusque
1484 3260 1561 3309 modis
1569 3276 1655 3320 genem

877 3358 1032 3419 grauucaate.

909 3483 933 3529 d.
950 3483 985 3529 Eo
996 3484 1075 3529 autem
1088 3486 1193 3543 ternpore
1205 3481 1299 3541 uarius,
1307 3496 1381 3545 quum
1390 3484 1544 3537 intellexisset
1555 3489 1656 3539 Alexan·

45 3557 306 3633 “iil'fflt'rssutttwv
319 3559 412 3626 δῑαὺθε
426 3560 592 3640 Ἀλέξανδρος
604 3560 650 3619 καί
663 3559 721 3627 τοὺς
735 3558 833 3639 σατρό·
879 3584 949 3633 &um
968 3586 1065 3647 trajecto
1083 3586 1247 3649 Hellesponto,
1264 3590 1432 3651 superatisque
1449 3590 1523 3652 ipsius
1538 3595 1657 3655 protectis

72 3668 113 3712 τας
119 3651 190 3707 αὑτοῦ
197 3656 230 3729 τῆ
237 3648 311 3708 κατίε
318 3648 444 3729 Γρανικὸν
452 3648 527 3728 μέχῃ
537 3648 669 3729 κρατήσας
676 3646 834 3728 προσωτέρω

72 3740 151 3812 χωρεῖ,
167 3740 295 3819 στρατιὰν
308 3736 420 3807 ἱππικήν
432 3758 461 3795 τε
480 3736 525 3794 καί
538 3735 645 3806 πεζικήν
661 3734 834 3815 συνήθροιζεν,

74 3823 203 3893 ἀποκυῆσαι
215 3822 395 3903 δειγνοὺςτοῖς
406 3822 543 3883 Μακεδόσι
552 3822 733 3904 πρίνῆπᾶσαν
744 3823 836 3889 αὐτοὺς
1334 3902 1340 3911 .

74 3908 576 3991 ἐπώπρςχωστργγασρα,,γνχσγαχ
619 3912 836 3992 γγιρηηρωχμυ,ος
880 3900 1018 3962 priusquam
1032 3904 1105 3947 totam
1123 3900 1284 3961 pervasissent
1299 3906 1389 3951 taum.
1422 3908 1503 3961 Quum
1522 3904 1601 3968 itaque
1614 3910 1658 3956 Eu·

48 3986 109 4053 ωοθν
119 3998 156 4055 που
168 4000 309 4081 Εὖρμάτην
318 3997 445 4073 ποταμὸν,
456 3998 501 4057 χαὶ
512 3998 556 4057 τὸν
566 4002 670 4077 Ταῦρον
679 4000 707 4056 τὸ
719 3998 835 4057 Κιλίκιον
880 4001 979 4064 pitrututt
1005 4001 1093 4051 flumen
1113 4004 1199 4064 cupitis
1220 4000 1380 4063 traduxisset,
1400 4006 1554 4069 Taurumque
1570 4008 1659 4058 Ciliut'iu

75 4082 120 4160 όρος
130 4088 285 4167 ὑπερελθὼν,
299 4086 362 4144 εἴσω
376 4091 423 4157 τῆς
436 4086 554 4153 Κιλικίας
564 4084 624 4153 τοὺς
634 4086 787 4163 πολεμίους,
802 4091 837 4153 ὄις
881 4111 986 4155 montem
997 4110 1145 4167 superasset,
1159 4106 1309 4156 irustesiutra
1319 4108 1407 4158 cilicicc
1418 4110 1658 4174 linesopperiebatur,

879 3691 943 3755 apud
964 3693 1109 3753 (ironicum,
1127 3706 1224 3755 pergere
1245 3694 1358 3755 ulterius,
1375 3696 1484 3757 equitum
1504 3698 1657 3761 peditumque

879 3796 1010 3845 exercitum
1022 3796 1113 3857 coegit,
1125 3810 1154 3845 eo
1164 3797 1262 3845 consitio
1274 3802 1301 3845 ut
1310 3798 1480 3849 Macedonibus
1493 3800 1588 3851 oneum
1600 3804 1657 3863 iret,

76 4172 118 4229 ἐκεῖ
134 4176 315 4255 μαχησόμενος
331 4177 432 4242 αὐτοῖς,
448 4172 590 4253 ἐξεδέχετο.
637 4173 742 4241 Ἡσθεὶς
759 4174 786 4232 δὲ
803 4180 836 4253 τῇ

76 4261 170 4337 θερείου
188 4262 338 4322 καταθέσει
357 4265 372 4319 ό
394 4261 599 4334 Σαναόαλλέτης
617 4262 690 4328 εὐθὺς
709 4262 780 4339 ἔλεγε
799 4268 837 4343 τῷ

78 4347 191 4428 ΜανασσῆΙ
200 4350 246 4417 τδις
257 4347 537 4428 ὑποσχέσειςτελέσειν,
546 4348 618 4415 ὑιςδιν
627 4354 734 4428 Δαρεῖος
743 4347 839 4426 κρατή·

51 4445 115 4497 θοις
124 4440 170 4493 τῶν
186 4436 319 4513 πολεμίοιν
331 4435 499 4516 ὑποστρέψῃ·
510 4436 636 4495 πέπειστο
646 4436 696 4517 γὰρ
707 4437 753 4493 οὐκ
763 4438 838 4500 οὗτος

79 4517 153 4590 μόνος,
167 4522 234 4581 ἀλλὰ
249 4523 295 4582 καὶ
306 4522 400 4589 πάντες
410 4526 434 4581 οἱ
444 4526 515 4601 έντῆ
530 4522 617 4602 Ἀσίᾳ,
630 4524 690 4599 μηδ’
706 4524 740 4588 εἰς
749 4530 839 4601 χεῖρας

79 4613 121 4671 τοῖς
140 4611 250 4688 Πέρσαις
268 4610 337 4682 ήξειν
358 4610 415 4677 τοὺς
436 4612 600 4682 Μακεδόνας,
620 4608 664 4668 διδ
685 4610 715 4668 τὸ
730 4612 838 4681 πλῆθος.

80 4688 163 4765 ’.λπέὺη
177 4697 199 4753 δ’
209 4700 261 4776 οὑχ
273 4702 308 4764 ῶς
321 4698 494 4778 προσεδόκων.
536 4696 687 4775 Συμόαλὼν
699 4695 775 4777 qipd
791 4702 838 4776 βα·

81 4779 153 4847 “this
167 4786 217 4850 τοῖς
231 4784 380 4844 Μακεδόσιν
393 4785 510 4858 ἡττήθη·
526 4785 571 4843 καὶ
585 4783 685 4855 πολλὴν
698 4788 745 4855 τῆς
760 4807 839 4863 στρα-

52 4880 73 4918 ‘l
80 4874 126 4932 ²¹5<
137 4870 278 4948 ἀπολέσας,
289 4869 439 4952 ληφθέντων
450 4870 626 4952 αἰχμαλώτων
641 4874 719 4930 αὐτοῦ
731 4876 777 4943 τῆς
788 4897 839 4945 μη·

81 4952 129 5027 τρος
137 4956 178 5013 καὶ
188 4958 308 5034 γυναικὸς
320 4958 365 5017 καί
381 4962 433 5016 τῶν
443 4958 549 5031 τέκνοιν,
566 4958 657 5040 ίρυγεν
675 4961 711 5025 ελς
723 4960 839 5039 Πέρσας.

81 5038 275 5124 Ἇοὲἷονδρσςδὲ
297 5049 332 5111 εἰς
353 5046 450 5127 Συρίαν
472 5047 679 5127 παραγενόμενος
697 5048 839 5124 Δαμασκόν

84 5128 142 5203 αἱρεῖ
157 5134 200 5189 καὶ
218 5135 330 5199 Σιδῶνος
343 5132 476 5214 κρατήσας
493 5134 638 5213 ἐπολιόρκει
653 5133 749 5212 Τύρον,
768 5134 841 5205 ἠξίου

83 5234 108 5268 τε
120 5218 266 5286 ἀποστείλας
281 5221 426 5301 γράμματα
442 5221 506 5301 πρὸς
520 5220 564 5279 τὸν
581 5226 632 5279 τῶν
643 5220 775 5281 Ἰουδαίων
793 5224 842 5301 xip-

882 4217 908 4259 nt
916 4211 1010 4260 ibicum
1018 4212 1053 4260 eis
1062 4211 1144 4275 prestio
1154 4210 1286 4263 dimicaret.
1320 4214 1659 4275 sanabailetesarrteor,uarii

881 4314 1000 4363 descensu
1013 4314 1122 4372 tunsus,
1131 4316 1233 4363 Maosssi
1244 4313 1336 4365 dicebat
1348 4329 1400 4365 sese
1412 4316 1528 4379 promissa
1540 4322 1660 4379 prostitu-

814 4435 820 4454 ι
883 4431 951 4478 rum,
960 4418 1062 4468 simulac
1074 4418 1159 4467 Darius
1172 4418 1241 4467 ricus
1254 4419 1363 4468 nostibus
1372 4418 1489 4469 rediisset.
1530 4424 1587 4470 Erat
1595 4422 1659 4473 enim

883 4534 1023 4583 persuasum
1034 4534 1081 4571 noxi
1091 4522 1136 4584 ipsi
1148 4523 1239 4581 solnm,
1248 4521 1289 4570 ted
1300 4522 1371 4571 etiem
1383 4522 1495 4571 cornibus
1506 4524 1547 4585 qui
1559 4532 1626 4574 eraut
1636 4528 1660 4575 in

883 4626 953 4687 Asia,
975 4639 1005 4674 oe
1023 4638 1192 4687 congressuros
1210 4624 1307 4687 quidem
1330 4639 1385 4675 cum
1407 4626 1484 4674 uersis
1508 4627 1660 4689 ltux-edorres,

884 4736 980 4796 propter
996 4728 1181 4778 multitudinem.
1220 4732 1310 4779 Verum
1327 4730 1395 4792 longe
1407 4729 1475 4778 aliter
1490 4730 1576 4779 eccidit
1588 4744 1660 4793 quam

884 4835 1087 4897 exspectaverant.
1131 4833 1190 4881 Nem
1203 4846 1243 4881 rex
1256 4846 1311 4881 cum
1330 4832 1499 4883 Macedonibus
1517 4846 1661 4897 congressus

884 4940 962 4987 rictus
974 4940 1024 4996 cst,
1038 4938 1062 4985 et
1072 4935 1283 4997 magnaexercitus
1300 4942 1366 4997 parte
1379 4936 1481 4996 amissa,
1494 4941 1519 4987 et
1529 4943 1598 5001 copta
1609 4942 1662 5004 ejus

884 5037 959 5082 notre
969 5036 993 5081 et
1003 5045 1077 5081 uxore
1085 5034 1111 5081 et
1120 5030 1200 5081 liberis
1208 5068 1215 5093 ,
1224 5031 1283 5093 tuqit
1292 5032 1315 5081 iu
1327 5036 1416 5083 Persas.
1449 5032 1580 5084 Alexander
1592 5050 1661 5099 sero,

886 5137 909 5185 iu
925 5134 1019 5196 Syriam
1032 5136 1165 5197 protectus,
1184 5136 1247 5199 capit
1261 5140 1418 5197 Dausamum,
1435 5142 1459 5185 et
1475 5138 1561 5188 Sidone
1572 5142 1662 5203 potitus

886 5244 974 5302 Τγειιιιι
984 5240 1091 5303 obsidet,
1101 5241 1227 5305 missisque
1239 5240 1268 5290 ad
1283 5241 1421 5291 ludaeorum
1439 5240 1573 5302 pontillccm
1590 5242 1660 5293 literis
