3859 6084
275 440 314 490 οι
377 430 469 514 <eu-i

267 560 313 618 καί
324 560 420 642 χρυσόν
432 561 477 618 καλ
488 559 599 642 ἄργυρον
612 561 778 638 ἀποκομίζειν
788 565 826 642 τῷ
839 560 929 642 πατρί.
946 556 1051 624 Δαόόν·

266 670 309 715 τες
322 647 349 705 δὲ
362 647 444 706 πλείω
454 646 527 728 παρδι
540 648 729 727 τάδελφοῦ,τά
748 647 795 726 μὲν
807 652 845 730 τῷ
860 650 940 730 πατρὶ
954 651 1050 732 φέρειν,

266 734 300 794 τά
315 735 337 794 δ’
351 735 424 795 αὐτοὶ
433 734 531 818 Ιδοιρεάς
545 730 614 815 ἔχειν
625 734 733 804 ἕκαστος
745 737 826 815 ἰδίας,
837 737 963 798 πλειόνων
973 738 1051 812 ἠξιω-

270 821 349 902 μένου
361 822 487 902 Βενιαμὶν
498 826 562 902 παρ’
574 823 682 903 αὐτούς,
696 825 825 905 ἀπῄεσαν.

581 955 672 1016 liin.
697 955 737 1016 Z'.

244 1127 258 1166 ε
308 1103 358 1170 Ὦς
375 1101 402 1161 δέ
424 1101 588 1183 ἀφικομένων
607 1105 660 1162 τῶν
682 1103 782 1162 παίδων
798 1104 926 1174 Ἰάκωόος
944 1105 979 1165 τά
992 1107 1054 1188 περὶ

268 1191 312 1251 τδν
331 1189 461 1261 Ἰώσηπον
480 1189 585 1265 ἔμαθεν,
603 1190 644 1248 ὅτι
666 1191 704 1269 μὴ
723 1193 800 1269 μόνον
816 1191 857 1266 εἴη
881 1193 925 1252 τδν
943 1193 1053 1254 θάνατον

270 1277 434 1361 διαπιφυγύις
454 1278 494 1360 ἐφ’
508 1268 531 1360 ᾧ
544 1282 644 1338 πενθῶν
666 1281 763 1358 διῆγεν,
784 1280 854 1341 ἀλλά
876 1282 922 1341 καί
936 1287 968 1364 ζῇ
983 1283 1051 1363 μετά

266 1368 391 1448 λαμπρᾶς
400 1363 579 1443 εὐδαιμονίας,
590 1368 694 1444 βασιλεῖ
705 1365 849 1428 συνδιέπων
860 1369 909 1442 τὴν
919 1367 1053 1451 Αἴγυπτον

268 1453 314 1512 καί
324 1451 373 1526 τὴν
388 1451 494 1510 δίπασαν
510 1452 603 1534 σχεδὸν
620 1456 843 1535 ἐγκεχειρισμένος
859 1459 939 1530 αὐτῆς
961 1461 1054 1537 ἐπιμέ-

230 1555 256 1595 in
266 1543 293 1599 λε
298 1565 348 1614 ιαν,
359 1539 469 1600 ἄπιστον
480 1539 528 1617 μέν
539 1539 612 1599 οὐδέν
626 1541 708 1602 ἐδόκει
718 1547 770 1602 τῶν
784 1545 961 1623 ἠγγελμένων,
978 1549 1051 1626 λογι·

271 1628 375 1706 ζόμινος
388 1633 434 1687 τοῦ
448 1631 519 1690 Θεοῦ
533 1629 581 1699 τὴν
596 1629 786 1712 μεγαλουργίαν
801 1632 846 1690 καὶ
862 1635 910 1705 τὴν
927 1633 992 1713 πρὸς
1003 1637 1053 1692 αιἰ-

268 1713 311 1772 τδν
325 1712 435 1787 εὔνοιαν,
447 1717 468 1774 εί
479 1715 525 1774 καὶ
536 1719 573 1796 τῷ
585 1714 683 1793 μεταξύ
695 1717 781 1799 χρόνῳ
791 1718 930 1780 διέλειπεν·
944 1719 1053 1802 ὥρμητο

271 1801 295 1858 δ’
307 1798 379 1868 eddi<
393 1801 459 1882 πρδς
471 1803 515 1861 τὸν
528 1803 666 1876 Ἰώσηπον.

307 1887 342 1968 β’.
355 1887 405 1956 Ὧς
418 1889 446 1948 δέ
459 1889 588 1971 κατέσχεν
598 1892 642 1950 ἐπὶ
658 1891 687 1951 τὸ
700 1892 787 1973 ὅρκιον
797 1893 896 1977 φρέαρ,
909 1897 990 1966 θύσας
1000 1900 1048 1957 αθ-

229 1990 254 2031 in
266 1974 321 2035 τόθι
331 1979 369 2058 τῷ
380 1979 458 2058 Θεῷ,
472 1978 517 2036 καὶ
529 1977 688 2060 φοόούμινος
706 1979 743 2059 μὴ
759 1981 801 2040 iri
818 1981 866 2056 τὴν
887 1986 1053 2063 εὐδαιμονίαν

265 2061 313 2134 τὴν
333 2065 360 2122 έν
373 2062 516 2146 Αἰγύπτῳ,
529 2069 580 2124 τῶν
602 2067 703 2125 παίδων
723 2071 997 2151 ἐμφιλοχωρησάντων
1018 2079 1052 2153 τῇ

267 2148 412 2230 οίκήσιιτῇ
425 2154 451 2210 ἰν
464 2153 648 2232 αιίτῇ,-μηκέτ’
660 2157 696 2222 εἰς
708 2156 755 2226 τὴν
769 2159 924 2218 Χαναναίαν
941 2165 965 2220 ni
980 2160 1053 2240 έκγο·

268 2261 307 2298 νοι
321 2239 484 2313 μετελθόντες
499 2241 668 2322 κατάσχωσιν
686 2244 777 2316 αὐτὴν,
792 2249 851 2314 nen
864 2246 919 2315 θεὸς
937 2240 969 2322 ἦν
985 2253 1052 2308 bure-

267 2325 412 2407 σχημένος,
427 2325 482 2404 ἅμα
499 2351 528 2386 τε
545 2328 582 2406 μὴ
595 2331 657 2410 δίχα
669 2333 739 2391 Θεοῦ
755 2334 902 2411 βουλήσεως
914 2336 1053 2416 γενομένης

227 2417 314 2486 αυτῆς
339 2416 375 2482 τίς
395 2414 528 2494 Αἴγυπτον
551 2417 650 2499 ἀφόδου
669 2425 798 2502 διαφθαρῇ
818 2422 848 2481 τὸ
867 2424 939 2501 γένος
960 2428 1053 2500 αὐτοῦ,

266 2499 330 2582 πρδς
344 2499 372 2560 δέ
384 2500 483 2570 τούτοις
495 2504 583 2572 ’δεδιὼς
600 2504 637 2582 μὴ
656 2507 796 2588 προεξέλθῃ
810 2517 856 2569 τοῦ
870 2511 927 2591 βίον
937 2513 999 2592 πρὶν
1018 2517 1053 2580 εἰς

266 2586 324 2669 ὄψιν
336 2587 466 2660 Ἰωσήπου
476 2591 685 2670 παραγενέσθαι,
698 2596 884 2677 καταφέρεται,
896 2599 1014 2682 στρέφων
1026 2605 1053 2660 έν

268 2679 353 2759 ἐαυτῷ
364 2683 454 2738 τοῦτον
465 2679 509 2738 τὸν
522 2681 661 2758 λογισμὸν,
680 2685 716 2749 εἰς
725 2682 812 2744 ύπνον.

306 2764 344 2843 γ’.
359 2763 487 2833 Ἐπιστδις
501 2766 528 2826 δέ
543 2771 557 2826 δ
573 2769 640 2835 Θεὸς
652 2772 739 2852 αὐτῷ,
754 2773 799 2830 καὶ
811 2773 848 2840 δίς
865 2775 992 2852 ὀνομαστί
1004 2800 1052 2836 κα·

227 2867 255 2908 ni
268 2849 361 2925 λέσας,
372 2853 558 2936 πυνθανομένῳ
565 2855 603 2923 τίς
613 2861 692 2932 ἐστιν,
705 2887 716 2912 ο
732 2861 792 2919 ἀλλ’
803 2864 831 2921 αθ
843 2862 954 2941 δίκαιον,
972 2855 1053 2939 εἶπεν,

269 2964 282 2990 ε
296 2935 416 3019 Ἰακείόῳ
430 2941 499 3004 Θεὸν
519 2946 678 3021 ἀγνοεῖσθαι,
692 2945 736 3006 τδν
748 2947 789 3007 ἀεὶ
809 2951 984 3028 παραστάτην
1007 2953 1053 3012 καί

269 3053 281 3076 r
297 3024 391 3104 βοηθδν
402 3029 536 3108 προγόνοις
549 3055 577 3091 τε
588 3043 641 3100 τοῖς
655 3041 708 3101 σοῖς
720 3036 765 3094 καὶ
777 3037 834 3110 μετ’
846 3037 938 3106 αὐτοὺς
951 3040 993 3099 σοὶ
1007 3064 1053 3118 γε·

272 3139 283 3164 r
298 3111 415 3190 νόμενον,
458 3117 627 3197 Στερουμένῳ
641 3143 669 3178 τε
681 3120 731 3202 γδιρ
741 3124 782 3182 σοί
795 3129 841 3196 τῆς
852 3129 933 3206 ἀρχῆς
944 3127 995 3186 ὑπὸ
1004 3135 1050 3188 τοῦ

270 3225 282 3252 ι
298 3199 396 3280 πατρὸς
407 3201 504 3274 ταύτην
516 3203 569 3281 ἐγὼ
585 3205 727 3287 παρέσχον,
741 3211 786 3270 καί
798 3217 858 3271 κατ’
870 3214 936 3291 ἐμὴν
951 3217 1052 3276 εὔνοιαν

226 3302 256 3345 nn
270 3313 282 3337 ε
298 3289 334 3354 είς
344 3285 391 3358 τὴν
404 3291 611 3368 Μεσοποταμίαν
624 3293 698 3370 μόνος
711 3298 828 3376 σταλεὶς,
841 3299 934 3378 γάμων
947 3327 975 3361 τε
987 3306 1053 3382 ἀγα·

270 3401 282 3428 r
298 3379 348 3435 θῦν
359 3374 465 3455 ἔτυχες,
478 3381 522 3436 καὶ
535 3380 636 3440 παίδοιν
649 3385 808 3462 ἐπαγόμενος
822 3389 920 3459 πλῆθος
930 3390 976 3449 καί
985 3413 1054 3470 χρη-

235 3477 237 3486 “
271 3461 387 3541 κμάτων
405 3463 557 3537 ἐνόστησας.
605 3471 753 3549 ΙΙαρέμεινέ
771 3496 800 3532 τε
826 3475 866 3533 σοὶ
884 3476 960 3554 γενεά
979 3488 1053 3537 πᾶσα

273 3579 285 3602 ι
296 3550 404 3631 προνοίᾳ
418 3575 450 3632 τη
462 3556 531 3634 ἐμῇ,
546 3555 591 3614 καὶ
599 3555 628 3616 δν
638 3559 802 3620 ἀπολωλέναι
815 3567 868 3622 τῶν
881 3567 943 3624 υἱιῦν
958 3564 1055 3635 ἐδόκεις

274 3663 285 3689 ι
300 3635 438 3711 Ἰώσηπον,
448 3645 539 3699 τοῦτον
548 3645 584 3710 εἷς
593 3645 738 3705 ἀπόλαυσιν
746 3649 869 3726 μειζόνων
879 3655 983 3731 ἀγαθῶν
992 3653 1055 3733 ἤγα-

229 3741 258 3782 in
271 3751 282 3777 ι
297 3746 353 3803 γον,
369 3723 415 3784 καὶ
434 3731 482 3798 τῆς
501 3728 636 3808 Αἰγύπτου
658 3733 757 3816 κύριον,
772 3740 807 3804 ὡς
830 3739 909 3821 ὀλίγῳ
924 3742 1053 3824 διαφέρειν

271 3839 283 3865 r
299 3816 344 3870 τοῦ
359 3812 503 3892 βασιλέως,
515 3817 639 3890 ἐποίησα.
680 3820 761 3884 Ἥκω
776 3849 804 3884 τε
821 3831 936 3888 νῦνύδοῦ
948 3854 977 3889 τε
987 3831 1054 3890 ταύ-

269 3923 282 3950 «
296 3919 344 3970 της
356 3897 463 3979 ἡγεμὼν
479 3903 600 3982 ἐσόμενος
618 3910 662 3968 καί
684 3909 740 3990 βίου
755 3912 799 3972 σοί
818 3914 941 3988 τελευτὴν
955 3920 982 3976 έν
997 3927 1055 3987 ταῖς

269 3983 427 4058 «Ἰωσήπου
447 3991 522 4072 χερσὶ
540 3995 716 4074 γενησομένην
728 4001 876 4080 προδηλῶν,
890 4013 935 4064 καί
952 4007 1053 4088 μακρδν

269 4097 282 4123 ε
296 4073 380 4132 αἰῦινα
393 4077 446 4134 τῦιν
458 4081 510 4136 σῶν
522 4079 634 4156 ἐκγόνων
646 4086 672 4141 ἐν
689 4087 815 4169 ἡγεμονίφι
824 4089 870 4148 καί
881 4091 940 4170 δόξῃ
954 4116 1052 4175 καταγ-

229 4167 257 4218 θθ
271 4185 282 4211 r
298 4157 407 4240 γέλλων,
422 4166 594 4239 καταστήσων
613 4194 641 4229 τε
656 4172 747 4239 αὐτοὺς
763 4179 799 4243 εἰς
815 4176 922 4258 τλνγῆν
933 4180 965 4254 ἣν
980 4182 1048 4243 ὑπέ-

272 4269 434 4328 “wilm-¹⁸

308 4335 344 4397 δ’.
359 4336 452 4420 Τούτῳ
466 4341 601 4422 θαρσήσας
615 4349 652 4426 τῷ
664 4348 792 4429 ὀνείρατι,
809 4354 1000 4438 προθυμότερον
1018 4361 1054 4426 εἰς

271 4419 319 4495 τὴν
339 4422 474 4504 Αἴγυπτον
493 4427 539 4487 σίιν
558 4439 611 4500 τοῖς
633 4435 697 4500 υἱοῖς
717 4437 761 4495 καί
783 4441 859 4499 παισί
879 4445 932 4510 τοῖς
954 4444 1052 4504 τούτοιν

270 4511 462 4582 ἀπηλλάττετο.
504 4507 593 4578 Ἦσαν
610 4521 634 4578 δ’
647 4525 672 4580 οἱ
683 4525 778 4592 πάντες
795 4527 986 4605 ἑὸδομήκοντα.
1009 4539 1034 4596 Τ
1035 4535 1053 4594 ἀ

231 4609 257 4658 ib
271 4595 319 4675 μέν
332 4589 376 4658 οῦν
390 4601 505 4680 ὀνόματα
524 4606 642 4678 δηλῶσαι
655 4610 752 4672 τούτοιν
766 4617 814 4674 οὐκ
832 4619 994 4697 ἐδοκίμαζον,
1007 4623 1053 4683 καὶ

271 4684 387 4761 μάλιστα
404 4688 447 4748 διδ
460 4691 507 4762 τὴν
520 4695 657 4756 δυσκολίαν
673 4701 765 4760 αὐτῶν.
807 4704 868 4766 Ἵνα
883 4707 972 4782 μέντοι
991 4735 1053 4770 πα·-

272 4771 395 4853 ρσστιίσω
408 4779 462 4844 τοῖς
474 4781 523 4859 οὐχ
534 4784 763 4862 ὕπολαμόάνυυσιν
774 4796 845 4868 ἡμᾶς
858 4798 944 4868 ἀκτῆς
957 4801 1054 4858 Μεσο-

271 4859 414 4938 ππαμέας,
428 4865 488 4922 ἀλλ’
499 4871 655 4947 Αἰγυπτίους
665 4865 746 4954 εἶναι,
759 4881 899 4958 ἀναγκαῖον
910 4885 1052 4962 ἡγησάμην

273 4953 418 5022 μνησθῆναι
437 4955 488 5012 τῶν
511 4957 656 5033 ὀνομάτων.
699 4962 828 5026 Ἰακόιόου
841 4969 887 5046 μὲν
899 4961 943 5030 οὖν
960 4975 1052 5042 παῖδες

233 5053 260 5100 ου
273 5027 340 5105 ἦσαν
355 5034 469 5097 δόιδεκα·
488 5041 585 5103 τούτων
603 5047 731 5121 Ἰώσηπος
743 5053 793 5126 ἤδη
813 5060 966 5140 προαφῖκτο.
984 5061 1052 5131 Τοὺς

273 5113 317 5180 οῦν
331 5124 388 5200 μετ’
402 5126 478 5185 αὐτὸν
496 5132 540 5190 καί
557 5133 615 5201 τοὺς
627 5139 656 5196 ἐκ
672 5140 769 5200 τούτων
783 5145 920 5222 γεγονότας
934 5147 1052 5220 δηλόισο·

275 5233 331 5300 μιν.
374 5212 519 5288 Ῥουόήλου
537 5221 584 5298 μὲν
596 5215 664 5295 ἦσαν
672 5230 763 5296 παῖδες
773 5231 909 5312 τέσσαρες,
922 5236 1050 5317 Ἀνώχης,

743 432 1029 491 inxurouormz
1049 418 1147 492 ιιιοιζ
1169 436 1201 493 ιι.
1223 435 1316 494 iren.
1340 433 1375 492 'n

1752 443 1878 528 rsa-ur

1098 567 1486 633 unrnmeturgentumudpairem
1494 570 1629 623 deiereudu.
1662 573 1879 641 iiiiuniem‚piuru

1097 654 1197 704 ustuire
1212 656 1369 719 nenipienies,
1382 658 1469 721 purtim
1481 659 1580 723 quidem
1596 662 1670 726 putri.
1679 665 1768 728 purtim
1782 679 1839 716 vern
1852 669 1881 716 si·

1098 741 1172 792 bimei
1183 742 1208 792 iu
1225 744 1331 807 singulus
1341 743 1442 808 dennis,
1456 747 1572 809 maiorem
1587 749 1724 802 iumndnm
1740 755 1879 805 muneribus

1097 831 1380 897 cumunronmjumiue,
1393 834 1514 885 ubieruni.
1539 897 1543 904 .

1399 969 1483 1027 CAP.
1513 970 1579 1030 vll.

1129 1109 1211 1165 Quum
1218 1122 1276 1160 vern
1286 1113 1404 1170 iambus,
1417 1114 1591 1179 iiiiisrerersis,
1600 1119 1632 1169 de
1640 1121 1747 1184 Jesenbu
1756 1123 1882 1175 inteiiexis·

1098 1199 1135 1244 sei
1145 1196 1211 1259 quod
1221 1212 1270 1248 unu
1280 1201 1359 1250 seium
1370 1207 1474 1254 moriem
1483 1205 1606 1269 effugerit,
1618 1222 1692 1272 quum
1702 1214 1754 1259 ium
1764 1211 1806 1261 din
1818 1212 1884 1263 luxe-

1097 1286 1148 1344 τοι,
1160 1284 1203 1340 sed
1214 1285 1286 1336 enum
1296 1289 1321 1338 in
1336 1289 1462 1352 splendide
1474 1292 1569 1344 sununs
1580 1295 1686 1358 vireret,
1703 1311 1753 1348 unu
1762 1312 1818 1348 eum
1833 1315 1885 1362 rege

1090 1359 1135 1420 'ree
1145 1374 1242 1436 AEgypii
1251 1375 1434 1442 administrans,
1449 1384 1475 1430 et
1485 1395 1554 1444 neue
1566 1388 1641 1432 mium
1658 1387 1822 1448 regnicuram
1840 1391 1885 1440 sibi

1097 1461 1250 1512 commissum
1261 1464 1364 1527 irubeus,
1372 1467 1430 1516 nihil
1441 1470 1538 1531 quidem
1546 1484 1630 1521 eurum
1640 1487 1697 1536 ηοω
1708 1476 1884 1527 nunniubuuinr

1096 1548 1234 1601 incredibile
1246 1552 1357 1615 pniubei,
1367 1556 1447 1605 nnimu
1462 1559 1625 1621 nurnpieeiens
1634 1575 1714 1624 quum
1734 1564 1779 1614 Dei
1796 1568 1884 1628 magui·

1097 1635 1230 1696 iemiium,
1248 1643 1301 1688 tum
1318 1640 1371 1702 ejus
1384 1656 1440 1704 ιαμ
1458 1658 1483 1694 se
1496 1645 1701 1712 benevnieuiium,
1722 1654 1819 1703 mmsisi
1835 1655 1878 1705 uii-

1096 1726 1235 1789 quantisper
1252 1727 1427 1781 intermissam:
1439 1731 1483 1782 sed
1497 1735 1625 1786 euniestim
1641 1739 1687 1788 iter
1703 1751 1832 1802 eggressus
1847 1750 1883 1794 esi

1096 1811 1127 1860 ud
1139 1813 1270 1876 insepbum
1280 1829 1418 1880 properans.

1128 1908 1151 1951 ι.
1169 1905 1300 1966 Postquam
1312 1911 1395 1957 suiem
1413 1914 1512 1982 venerut
1528 1909 1560 1960 ud
1582 1913 1682 1976 puteum
1703 1915 1815 1979 dederis,
1833 1923 1882 1968 ben

1097 1997 1185 2048 ibidem
1197 2001 1341 2052 sucrificium
1356 2003 1458 2068 faciem,
1468 2009 1626 2073 metuensque
1636 2025 1667 2061 ne
1679 2017 1778 2077 pmpier
1787 2016 1879 2066 uberis·

1097 2101 1146 2145 iem
1157 2099 1267 2162 Εςγριί,
1279 2091 1338 2150 dum
1356 2101 1397 2152 iiiii
1413 2103 1481 2154 istius
1496 2106 1599 2169 reginms
1610 2109 1749 2162 bubiinndae
1759 2125 1840 2164 umure
1849 2122 1879 2163 ie·

1097 2200 1218 2260 nereniur,
1231 2201 1326 2252 snbuies
1340 2217 1424 2254 eurum
1432 2219 1480 2256 uun
1492 2207 1580 2260 redimi
1590 2209 1616 2260 in
1627 2211 1803 2276 cnmrueum,
1813 2229 1878 2265 necu-

1097 2304 1182 2360 putum
1193 2302 1323 2364 eumjniiu
1339 2306 1521 2371 pmmissuDei5
1531 2309 1604 2361 simui
1613 2311 1700 2375 dium,
1709 2315 1879 2368 neinnnusuim

1099 2398 1328 2462 Deumigruiiouein
1337 2407 1466 2469 mptum
1475 2408 1551 2472 ineis,
1560 2412 1878 2480 genusinsiueeisdeuiiqnu

1098 2497 1240 2548 minitaretur
1245 2515 1253 2561 ς
1266 2507 1381 2564 ριαιιοιοτ
1391 2509 1472 2554 uniem
1491 2506 1583 2557 verinus
1599 2510 1736 2572 περιίστα
1753 2512 1803 2564 viis
1813 2525 1876 2563 exm-

1097 2589 1164 2640 derei
1181 2605 1254 2655 quum
1265 2593 1291 2643 iu
1309 2596 1410 2659 Jneepbi
1421 2603 1576 2664 eenspeeiuru
1596 2604 1701 2663 reniret.
1715 2607 1740 2657 iu
1760 2607 1875 2660 sumuiu'ur

1097 2687 1216 2739 delebitur
1230 2689 1284 2741 bien
1293 2704 1376 2742 seeum
1388 2694 1414 2744 iu
1424 2696 1504 2746 enimn
1513 2699 1647 2752 revolvens.

1129 2794 1153 2838 i.
1171 2792 1203 2838 ii
1219 2790 1284 2840 Dens
1299 2792 1362 2842 siin
1379 2799 1478 2844 somnio
1495 2796 1678 2864 ειιρειιοαθσοε,
1697 2803 1824 2869 ipsumque
1841 2807 1875 2858 bie

1098 2879 1196 2930 numine
1206 2881 1342 2944 spudium,
1354 2885 1508 2948 interroganti
1520 2889 1631 2952 quisnam
1646 2898 1726 2956 esset,
1737 2897 1783 2958 sii,
1793 2917 1805 2941 ι
1816 2898 1874 2948 hund

1099 2992 1112 3013 ι
1123 2971 1159 3020 ius
1169 2976 1206 3023 est
1221 2980 1248 3024 ui
1264 2976 1369 3026 iambus
1384 2977 1474 3040 igumei
1488 2982 1579 3042 Deum,
1598 2985 1639 3046 qni
1649 2984 1782 3048 majoribus
1794 2991 1840 3040 iuis
1852 2997 1874 3040 ei

1100 3083 1112 3107 ο
1125 3069 1180 3128 pust
1198 3065 1242 3115 ires
1252 3068 1324 3117 elium
1344 3069 1386 3118 riui
1405 3077 1520 3133 perpetuu
1531 3073 1669 3135 adjumento
1686 3078 1723 3128 ini
1738 3083 1764 3130 ei
1782 3082 1872 3131 unxiiu.

1100 3174 1113 3198 ε
1125 3159 1206 3214 Quum
1219 3158 1283 3208 enim
1293 3160 1353 3222 putri
1369 3161 1394 3209 in
1406 3162 1487 3210 nuimn
1499 3162 1614 3216 inisseiie
1623 3167 1758 3232 principatu
1770 3172 1872 3236 privare,

1100 3267 1112 3290 ι
1125 3247 1190 3297 Ιιιιιιο
1200 3261 1244 3311 ege
1254 3250 1297 3300 iibi
1309 3255 1460 3316 muserruvi,
1468 3260 1586 3319 eiquum,
1596 3271 1636 3309 me
1645 3259 1802 3324 dirimente,
1812 3265 1873 3314 seius

1100 3358 1113 3382 r
1126 3339 1151 3389 iu
1166 3343 1363 3404 Mesopotamiam
1381 3345 1501 3407 proiectus
1517 3361 1597 3407 essee.
1615 3353 1641 3402 et
1651 3351 1728 3404 bunne
1741 3355 1814 3406 iecisti
1834 3371 1874 3405 nu·

1101 3451 1113 3474 ι
1127 3432 1203 3494 ptius,
1211 3440 1236 3483 ei
1245 3448 1356 3486 reuersus
1365 3451 1391 3486 es
1402 3437 1482 3488 liberis
1491 3441 1575 3492 inuitis
1586 3445 1611 3492 ei
1621 3443 1772 3497 ieeuiiutibns
1781 3455 1872 3509 undum

1100 3542 1113 3566 r
1125 3537 1226 3588 meique
1244 3527 1394 3589 providentis
1414 3529 1457 3579 iibi
1473 3531 1599 3582 ineniumis
1615 3540 1746 3598 μστωειιοὶῑ
1767 3545 1815 3589 ιοια
1836 3545 1874 3589 inu

1100 3634 1113 3657 ι
1126 3618 1260 3679 progeniem
1272 3621 1298 3669 ei
1307 3620 1456 3683 sompnum,
1467 3636 1539 3686 quem
1550 3638 1580 3674 ex
1589 3624 1644 3676 niis
1660 3631 1770 3680 emisisse
1783 3631 1873 3681 videbe·

1100 3727 1113 3751 u
1124 3709 1158 3758 ris
1165 3708 1208 3773 ,ud
1218 3711 1332 3772 maiorem
1339 3713 1477 3764 ieiieiiuiem
1484 3715 1599 3780 perduxi,
1609 3721 1634 3768 ei
1642 3721 1739 3784 AEgypii
1747 3722 1874 3782 durninum,

1099 3819 1113 3846 ι
1125 3806 1152 3851 ui
1168 3803 1294 3866 puniuinm
1305 3819 1320 3854 s
1333 3819 1389 3870 rege
1405 3806 1514 3872 differet,
1535 3809 1658 3864 ennniitni.
1697 3815 1768 3865 Nune
1783 3829 1874 3884 quoqne

1100 3912 1113 3936 ι
1124 3896 1211 3959 renio,
1220 3901 1246 3946 ei
1255 3898 1301 3948 viu
1312 3898 1384 3960 bnjns
1395 3899 1444 3950 dur
1454 3902 1498 3952 nbi
1509 3903 1621 3968 iuturus,
1629 3908 1656 3960 ei
1664 3908 1709 3961 iibi
1718 3915 1874 3976 nrmuurim

1100 4007 1112 4031 r
1125 3987 1187 4038 iuter
1201 4001 1287 4040 munus
1297 3992 1430 4054 Jnsepbiie
1448 3995 1523 4046 evin
1539 3997 1676 4064 exiturum,
1689 4008 1765 4068 rique
1781 4007 1874 4070 stirpem

1099 4099 1113 4125 a
1125 4085 1191 4130 inum
1202 4095 1245 4144 per
1256 4083 1333 4134 mulin
1344 4085 1433 4136 seren
1447 4090 1572 4151 μοίειιθεω
1584 4091 1636 4143 inre
1644 4093 1752 4148 simulet
1761 4097 1873 4150 iiiustrem

1100 4171 1358 4240 «indimns.eemqne
1372 4179 1874 4253 iuisnmierrummsdeduemmmese,

1099 4283 1112 4308 ι
1124 4279 1198 4329 quum
1209 4269 1329 4331 pniiinitne
1337 4285 1400 4322 sum.
1411 4293 1424 4319 ι

1129 4361 1153 4409 4.
1165 4361 1216 4411 idne
1227 4365 1320 4413 nnmuin
1331 4364 1407 4416 iretur
1414 4381 1444 4419 en
1453 4369 1566 4423 libentius
1573 4372 1599 4423 iu
1607 4377 1736 4440 AEqyptum
1747 4381 1873 4440 ennemsii,

1097 4469 1153 4506 eum
1164 4457 1218 4508 iiiiis
1229 4458 1357 4525 iiberisqnn
1369 4477 1463 4517 eurum.
1476 4471 1549 4520 iimui
1558 4475 1639 4522 nutem
1650 4473 1675 4523 in
1691 4476 1829 4528 uniueisum
1837 4491 1873 4527 se·

1098 4556 1229 4617 piungiuiu.
1247 4562 1277 4608 lii
1288 4561 1385 4610 neurius
1397 4564 1496 4626 quidem
1505 4566 1614 4630 iliorum,
1624 4571 1775 4637 meximeque
1782 4582 1874 4638 propiet

1096 4669 1180 4706 eurum
1207 4656 1385 4723 diiiieuiisiem,
1402 4675 1449 4713 uun
1476 4665 1535 4715 mini
1554 4667 1665 4730 piueebut
1685 4683 1807 4723 senensem
1824 4688 1831 4720 ε
1848 4675 1874 4721 ui

1098 4758 1177 4804 nmen
1188 4769 1229 4806 ens
1241 4757 1393 4823 redarguam,
1404 4762 1446 4824 qui
1457 4775 1501 4812 nus
1510 4777 1558 4813 nun
1574 4778 1603 4815 ex
1614 4769 1785 4841 iiesupniumiu
1795 4770 1873 4820 erinn-

1096 4855 1141 4904 dns
1149 4857 1299 4921 existiment,
1309 4861 1350 4910 sed
1361 4874 1391 4910 ex
1401 4864 1520 4926 AEgypiu,
1530 4864 1588 4914 mibi
1599 4879 1653 4917 esse
1663 4868 1821 4918 nenessurinm
1833 4882 1873 4931 pn·

1098 4956 1249 5006 uninomina
1262 4971 1391 5010 renensere.
1430 4963 1513 5012 incubi
1523 4962 1595 5025 igitur
1606 4963 1647 5014 iiiii
1658 4967 1870 5018 erunidnndeeim:

1096 5058 1225 5120 exquibus
1236 5060 1357 5124 sompnus
1374 5065 1444 5112 unies
1456 5063 1556 5114 abierut.
1589 5069 1636 5116 Eue
1654 5068 1735 5131 iisqne
1750 5068 1791 5130 qni
1807 5068 1870 5117 iilum

1097 5158 1216 5220 insequuti
1232 5165 1302 5223 suni,
1315 5167 1339 5210 ei
1355 5161 1441 5211 hurum
1453 5165 1588 5226 prngeniem
1605 5167 1797 5216 memorabimus.
1828 5169 1871 5215 lin·

1097 5260 1143 5310 nen
1155 5263 1251 5325 quidem
1261 5261 1302 5310 ilii
1309 5266 1376 5311 erunt
1386 5267 1500 5323 quiuiinur
1509 5278 1516 5311 :
1525 5264 1642 5326 inedies,
1651 5266 1753 5327 i’iiuiiue,
1765 5270 1869 5322 issumn,
