3859 6084
102 500 219 581 ιιιιιιι

99 640 170 692 νοῦσε
192 636 237 702 τῆς
257 629 387 703 σἰληθείας.
434 630 544 695 Ἰοῦστος
568 632 628 707 γοῦν
650 628 806 710 συγγράφειν
825 630 870 696 τθις

99 718 264 799 περὶτούτων
277 714 443 796 ἐπιχειρήσας
452 714 556 795 πράξεις
564 715 608 774 καί
617 714 660 775 τόν
670 716 794 793 πόλεμον,
806 714 870 797 trip

99 813 142 865 τοῦ
156 807 237 865 δοκεῖν
251 805 384 885 φιλόπονος
395 794 460 861 εἶναι
471 807 535 881 ἐμοῦ
548 800 594 879 μὲν
612 802 794 884 κατέψευσται,
806 804 871 875 ἠλεί,-

99 900 173 952 θευσε
189 892 215 953 δέ
232 890 289 951 olli
307 890 426 972 περὶτῆς
444 888 576 970 πατρίδος.
617 888 630 914 ‘¹

73 1008 86 1045 u
100 986 194 1039 σαοθαε
205 980 255 1059 γάρ
265 985 308 1037 νῦν
316 978 432 1053 ἀνάγκην
440 976 493 1055 ἔχω
501 975 871 1058 καταψευδομαρτυρούμενος)

98 1072 149 1149 ἐρῶ
169 1067 202 1127 ri
221 1067 299 1147 μέχρι
318 1072 361 1123 νῦν
380 1065 572 1139 σεσιωπημένα.
620 1064 674 1124 Καί
693 1061 730 1141 μὴ
748 1064 870 1145 θαυμάσῃ

97 1180 135 1223 τις
169 1155 208 1213 ότι
231 1154 268 1225 μὴ
291 1155 374 1212 πάλαι
398 1152 572 1233 περὶτούτων
604 1152 733 1222 ἐδήλωσα·
764 1156 801 1233 τῷ
821 1151 873 1231 γάρ

97 1243 215 1323 ἱστορίαν
239 1241 413 1321 ἀναγράφοντι
437 1238 466 1298 τό
487 1236 542 1316 μὲν
559 1240 692 1313 ἀληθεύειν
722 1241 872 1317 ἀναγκαῖον,

713 502 769 561 νε.
791 470 950 561 rossem
973 502 1066 561 vrrs.

1478 505 1572 584 [arne]
1596 493 1602 505 ’
1628 517 1683 567 ses

913 640 1021 688 metuent
1038 638 1170 701 supplicio,
1187 639 1253 701 perri
1269 639 1376 697 pendunt
1390 645 1413 690 et
1433 642 1582 704 contemptui
1602 644 1690 691 babent

914 734 1047 783 veritatem.
1080 738 1165 783 iustus
1175 734 1247 795 igitur
1258 742 1289 784 oe
1301 736 1330 784 iis
1342 750 1397 799 qum
1411 751 1425 785 ιε
1442 737 1511 785 nobis
1525 741 1591 799 gesta
1602 738 1691 785 irrerinl

914 842 938 884 et
952 834 983 884 de
994 836 1056 885 bello
1073 836 1180 885 scribere
1195 848 1332 899 eggressus,
1347 841 1374 887 ut
1393 837 1538 899 diligentiam
1553 838 1691 888 adhibuisse

631 890 697 951 ⁰⁰⁵⁹
724 892 871 969 ίάπολοίθ
913 932 1044 995 rideretur,
1061 933 1092 985 de
1103 949 1142 985 me
1155 935 1325 995 menlilnsest,
1341 936 1418 999 deque
1436 939 1512 1000 petria
1528 951 1573 985 sus
1586 952 1616 986 ne
1634 952 1690 987 rere

914 1027 1011 1089 quidem
1022 1030 1128 1093 protulit.
1161 1033 1321 1089 Quamobrem
1334 1034 1447 1095 (ειεικεοε
1462 1034 1527 1083 enim
1549 1034 1626 1083 liabeo
1643 1048 1692 1082 me

919 1129 969 1174 met
984 1133 1067 1175 ooutrs
1084 1127 1144 1176 [αλια
1160 1129 1294 1177 testimonio
1313 1128 1452 1189 defendere)
1469 1130 1570 1191 eloquar
1588 1144 1616 1178 eu
1635 1143 1692 1191 quus

915 1224 1030 1273 hactenus
1041 1224 1103 1274 silui.
1124 1228 1206 1287 Neque
1216 1226 1302 1273 mirum
1314 1226 1425 1288 cuiquam
1437 1228 1470 1275 sll
1481 1228 1546 1289 quod
1561 1241 1610 1275 non
1622 1234 1692 1276 entes

97 1328 180 1397 ἔξω,
195 1330 217 1386 δ’
230 1326 300 1405 “5⁹⁰’‘
310 1327 347 1403 μὴ
361 1331 459 1407 παρὰ
471 1327 516 1393 ,ἅς
530 1350 605 1385 τω,
616 1326 872 1405 πονηρίαςέλέφχεω,
914 1333 942 1369 ea
957 1321 1109 1370 indicaverim
1125 1322 1268 1370 :historiam
1280 1323 1344 1371 enim
1360 1321 1473 1372 scribenti
1487 1336 1542 1373 νοια
1562 1324 1641 1373 dicere
1653 1339 1692 1374 ne·

60 1445 84 1485 10
98 1419 126 1473 οὐ
145 1417 189 1475 δεδι
203 1418 250 1487 τὴν
266 1414 328 1495 πρὸς
347 1414 456 1480 ἐκείνους
476 1414 562 1493 χάριν,
584 1415 707 1472 tillidi
728 1413 774 1484 τὴν
794 1416 871 1497 αὐτοῦ
914 1419 1043 1468 sessanum
1056 1423 1105 1482 est;
1116 1420 1172 1469 lieet
1187 1426 1265 1470 tamen
1276 1424 1298 1471 ei
1312 1436 1358 1470 uon
1376 1423 1460 1472 acerbe
1476 1424 1615 1484 redarguere
1633 1437 1692 1485 quo·

97 1504 266 1584 μετριότητα.
318 1530 331 1555 ι
352 1505 413 1569 Πῶς
431 1494 474 1561 οὐν
490 1501 541 1583 (ἵνα
556 1507 595 1582 φῶ
610 1502 673 1583 πρὸς
688 1500 813 1567 αὐτόν-ὡς
824 1524 873 1559 πα·

97 1592 226 1673 ιρόντα),
239 1591 352 1661 Ἰοῦστε,
372 1587 500 1647 δεινότατε
523 1588 700 1669 συγγραφέων,
719 1593 809 1665 (τοῦτο
822 1587 873 1667 γὰρ

97 1682 215 1758 «αὐχεῖς
227 1679 286 1758 περὶ
304 1680 441 1754 σεαυτοῦ)
458 1676 534 1735 αίτεοι
551 1675 692 1755 γεγόναμεν
709 1675 760 1755 ἐγώ
779 1700 808 1733 τε
828 1676 873 1733 καί

96 1768 263 1826 «Γαλιλαῖοι
279 1768 312 1843 τῇ
331 1764 436 1847 πατρίδι
454 1786 500 1822 σου
520 1768 567 1834 τῆς
586 1762 649 1845 πρὸς
663 1763 811 1841 Ῥωμαίους
828 1762 873 1821 καί

58 1878 82 1917 ιε
95 1880 107 1906 ι
120 1854 188 1934 πρὸς
203 1852 245 1912 τδν
259 1853 367 1932 βασιλέα
382 1853 512 1928 οτάσεως;
530 1850 660 1931 Πρότερον
674 1850 724 1931 γάρ
737 1850 755 1921 ἢ
770 1848 816 1929 ἐμέ
828 1854 874 1923 τῆς

94 1942 268 2008 «Γαλιλαίας
282 1940 428 2019 στρατηγὸν
440 1939 490 1999 ὐπὸ
502 1944 546 1997 τοῦ
561 1944 644 1997 κοινοῦ
662 1941 713 1997 τῶν
729 1936 874 2017 Ἱεροσολυ-

93 2058 105 2082 a
120 2055 149 2107 μι
157 2034 208 2087 τῶν
230 2033 455 2109 χειροτονηθῆναι,
479 2026 509 2085 σύ
528 2026 573 2085 καί
591 2026 686 2093 πάντες
702 2024 831 2105 Τιθορεεῖς
845 2028 873 2082 οὐ

96 2146 107 2168 ε
120 2116 202 2194 μόνον
218 2116 373 2197 ἀνειλήφατε
386 2115 418 2173 τά
434 2114 516 2186 ὅπλα,
531 2112 656 2172 ἀλλὰκαὶ
670 2112 716 2181 τάς
733 2117 759 2172 ἐν
774 2118 807 2192 τῇ
821 2115 873 2172 Συ·

99 2206 173 2287 ιρίφ
188 2202 252 2263 δέκα
273 2204 361 2269 πολεις
378 2204 539 2279 ἐπολεμεῖτε.
583 2198 621 2261 Σύ
640 2206 701 2278 γοῦν
721 2200 766 2267 τθις
784 2203 875 2275 κώμας

60 2312 86 2351 νο
100 2321 112 2348 ιι
124 2296 210 2353 αὐτῶν
224 2292 367 2371 ἐνέπρησας
381 2292 425 2351 καί
439 2295 452 2349 θ
466 2291 509 2357 σδς
521 2288 621 2360 οἰκέτης
637 2288 679 2348 ἐπί
694 2293 739 2359 τῆς
752 2287 873 2367 παρατά-

100 2410 111 2433 ιι
125 2381 187 2449 ξεως
201 2380 298 2451 ἐκείνης
314 2379 414 2441 ἔπεσεν,
437 2383 530 2439 Ταῦτα
542 2378 571 2436 δέ
583 2379 629 2435 οὐκ
640 2376 690 2453 ἐγὼ
703 2377 772 2455 λέγω
785 2374 874 2452 μόνος,

100 2497 112 2521 ιι
128 2467 197 2527 till
216 2468 260 2526 καί
279 2468 306 2525 ἐν
331 2469 383 2533 τοῖς
403 2469 603 2526 Οὐεσπασιανοῦ
625 2470 669 2522 τοῦ
690 2461 876 2543 αὐτοκράτορος

100 2556 313 2633 «ὑπομνήμασιν
340 2554 407 2613 οὕτω
428 2554 586 2633 γέγραπται,
605 2550 649 2609 καί
664 2550 721 2609 τίνα
737 2549 831 2627 τρόπον
849 2553 875 2607 ἐν

100 2672 112 2697 ιι
127 2643 290 2721 Πτολεμαΐδι
305 2646 507 2703 Οὐεσπασιανοῦ
527 2637 690 2708 κατεόόησαν
709 2642 732 2697 ot
747 2640 798 2695 τῶν
812 2634 875 2695 δέκα

61 2757 87 2795 νε
102 2734 226 2792 ιπολεων
249 2731 358 2808 ένοικοι,
380 2730 506 2809 τιμωρίαν
529 2734 653 2808 θποσχεῖν
674 2750 702 2785 σε
726 2724 770 2783 τὸν
794 2725 875 2783 αἴτιον

102 2821 270 2889 εοίξεσῦντες.
313 2818 367 2880 Καί
382 2816 515 2883 ἐδεδώκεις
529 2816 561 2875 δν
582 2817 655 2889 δίκην
675 2817 876 2875 Οὐεσπασιανοῦ

102 2907 304 2978 ικελεύσαντος,
315 2909 337 2964 εἰ
350 2905 386 2983 μὴ
404 2903 523 2985 βασιλεὺς
536 2904 688 2985 Ἀγρίππας,
702 2899 792 2959 λαόθιν
804 2898 875 2968 ἐξου-

101 2996 187 3054 ιισίαν
207 2994 359 3053 ἀποκτεῖναί
373 3016 418 3065 σε,
435 2991 520 3051 πολλδι
538 2996 583 3062 τῆς
604 2994 715 3071 ἀδελφῆς
738 2986 877 3067 Βερενίκης

102 3112 113 3135 ιι
129 3082 271 3155 δεηθείσης,
284 3084 330 3140 οὐκ
350 3083 447 3138 ἀνελὼν
467 3079 600 3155 δεδεμένον
620 3077 664 3137 ἐπὶ
684 3075 765 3135 πολύν
785 3075 877 3154 χρόνον

63 3202 88 3241 w
103 3199 114 3225 ι
128 3168 261 3252 ἐφύλαξεν.
305 3169 358 3229 Καὶ
379 3171 406 3225 αί
428 3166 494 3244 μετὰ
514 3171 598 3225 ταῦτα
623 3165 649 3223 δέ
674 3163 803 3223 πολιτεῖαί
828 3186 874 3221 σου

103 3261 217 3339 ισαφῶς
231 3256 411 3337 ἐμφανίζουσιν
428 3254 470 3313 τόν
489 3276 517 3311 τε
537 3252 591 3333 βίον
605 3251 648 3311 τὸν
664 3251 752 3322 σίλλον,
772 3250 817 3308 καὶ
836 3249 875 3308 ότι

102 3375 114 3399 ιι
129 3346 160 3405 σύ
183 3344 230 3417 τλν
255 3344 368 3424 πατρίδα
393 3341 534 3419 Ῥωμαίων
562 3339 720 3411 ἀπέστησας.
773 3328 824 3396 Ὧν
844 3336 877 3395 τδι

102 3435 258 3516 ιτεκμήρια
277 3436 351 3512 κάγὼ
364 3433 475 3503 δηλώσω
492 3434 548 3509 μετ’
568 3434 661 3507 ὀλίγον.
704 3427 837 3502 Βούλομαι
854 3429 876 3485 δ’

103 3549 114 3576 ιι
129 3525 212 3581 εἰπεῖν
233 3522 277 3580 καί
295 3521 357 3600 πρὸς
375 3520 433 3587 τούς
451 3519 543 3585 ἄλλους
557 3518 685 3597 Τιῦεριεῒς
701 3514 775 3591 ὀλίγα
791 3514 833 3573 διὰ
849 3514 877 3573 σί

64 3636 89 3675 τε
103 3637 114 3663 ιι
130 3610 176 3669 καί
189 3611 415 3689 παραστῆσαιτοῖς
427 3605 591 3685 ἐντυγχάνειν
603 3602 726 3681 μέλλουσι
740 3606 797 3667 ταῖς
808 3604 878 3659 ίστο-

102 3725 114 3749 ιι
131 3698 198 3779 ρίαις
214 3695 253 3753 ὅτε
269 3694 334 3771 μήτε
351 3692 522 3772 φιλορώμαιοι
535 3691 601 3768 μήτε
615 3690 789 3770 φιλούαοελεῖς
803 3688 878 3766 γεγό-

104 3806 199 3843 ιινατε.
240 3786 300 3842 Τῶν
320 3782 345 3837 ἐν
365 3784 397 3858 τῇ
421 3778 552 3860 Γαλιλαίᾳ
572 3778 671 3837 πόλεων
693 3780 719 3835 ort
741 3774 878 3852 μέγισται,

104 3872 270 3952 «Σέπφωρις
290 3868 335 3927 καί
357 3866 515 3948 Τιῦερείιςὴ
540 3865 572 3935 οη
594 3866 705 3944 πατρὶς,
726 3853 748 3922 ἐν
769 3863 876 3924 Ἰοῦστε·

105 3985 116 4010 ιι
132 3957 200 4017 ἀλλὰ
214 3956 349 4035 Σέπφωρις
362 3951 408 4031 μέν
423 3956 448 4012 ἐν
463 3958 500 4035 τῷ
516 3954 666 4031 μεσαιτάτῳ
677 3956 722 4023 τῆς
736 3950 879 4015 Γαλιλαίας

64 4072 92 4110 to
104 4073 116 4100 ι
129 4044 236 4123 κειμένη
255 4044 299 4101 καί
317 4042 377 4121 περί
389 4041 470 4112 αὐτὴν
484 4041 575 4117 κώμας
589 4040 685 4119 ἔχουσα
700 4038 814 4109 πολλθς,
835 4036 880 4096 καί

106 4158 157 4192 «cr
182 4128 353 4211 θρασύνεσθαι
377 4127 505 4205 δυναμένη
530 4128 593 4208 πρὸς
620 4125 879 4205 Ῥωμαίους,ἐίπερ

107 4250 119 4277 ι
135 4220 272 4293 ἠθέλησεν,
286 4221 410 4297 εὐχερῶς,
423 4218 575 4293 διεγνωκυῖα
593 4220 624 4293 τῇ
638 4214 702 4293 πρὸς
715 4213 773 4281 τούς
786 4214 880 4273 δεσπό-

107 4336 118 4360 ιι
133 4331 181 4374 τας
194 4304 313 4382 ἐμμένειν
327 4303 429 4373 πίστει,
442 4302 487 4359 καί
503 4301 550 4375 ίμέ
562 4306 608 4371 τῆς
618 4300 720 4365 πόλεως
735 4292 819 4359 stein
828 4298 880 4366 ἐξέ·

106 4424 118 4447 ι
131 4399 235 4467 κλεεσε,
251 4391 294 4449 καί
311 4388 518 4468 στρατεύσασθαί
541 4411 598 4446 τινα
619 4391 670 4445 τῶν
694 4389 806 4446 πολιτῶν
820 4388 883 4445 ’Iou-

66 4514 92 4551 ,ς
107 4510 119 4535 ι
133 4480 214 4547 δαίοες
229 4478 370 4537 ἐκώλυσεν·
385 4474 454 4542 ὅπως
468 4476 495 4534 δέ
509 4475 554 4534 καί
567 4474 599 4533 τδι
609 4474 672 4555 πρὸς
682 4478 752 4549 ἡμᾶς
764 4473 883 4554 ἀσφαλὴς

106 4599 118 4623 ι
133 4569 191 4646 εἴη,
206 4566 346 4639 ἠπάτησάν
359 4588 392 4640 με
406 4564 520 4643 τείχεσιν
533 4566 617 4621 αὐτῶν
634 4561 681 4631 τὴν
693 4562 768 4619 πολιν
779 4564 882 4641 ὀχυρῶ-

108 4685 119 4709 ι
138 4682 184 4715 σαι
198 4652 396 4735 προτρέψαντες.
440 4652 493 4711 Καί
508 4650 581 4731 παρὰ
594 4648 704 4709 Κεστίου
719 4649 821 4708 Γάλλου
836 4654 882 4707 τοῦ

108 4774 120 4799 ι
133 4748 185 4803 τῶν
193 4747 218 4801 ἐν
231 4746 263 4819 τῇ
279 4740 362 4821 Συρία
371 4740 528 4817 Ῥωμαϊκῶν
540 4736 681 4816 ταγμάτων
693 4734 884 4813 ἡγεμονεύσαν-

109 4856 179 4898 ιιτσς
197 4828 310 4911 φρουράν
331 4828 431 4894 ἑκόντες
457 4826 616 4897 ἐνεδέξαντο,
643 4824 884 4904 καταφρονήσαντες

68 4946 120 4985 50«
137 4920 201 4994 ἐμοῦ
226 4912 284 4975 τότε
310 4914 378 4992 μέγα
397 4912 537 4990 δυναμένου
549 4912 593 4970 καί
611 4920 676 4969 πᾶσι
691 4910 722 4969 δι’
739 4908 885 4981 ἐκπλήξεως

109 5035 120 5057 ιι
134 5004 215 5070 ὄντος.
258 4998 484 5081 Πολεορκουμένης
501 5000 527 5057 δὲ
541 4999 598 5056 τότε
613 5003 658 5069 τῆς
672 4996 795 5075 μεγίστης
810 5000 885 5073 ἡμῶν

108 5120 121 5146 ιι
138 5091 238 5156 πολεως
255 5088 453 5169 Ἱεροσολύμων,
470 5087 514 5145 καί
531 5092 575 5144 τοῦ
594 5091 678 5143 κοινοῦ
692 5084 797 5141 πάντων
816 5086 884 5162 ἱεροῦ

109 5210 121 5233 ιι
137 5178 325 5241 κινδυνεύοντος
339 5178 364 5233 ἐν
379 5180 411 5253 τῇ
424 5178 476 5232 τῶν
490 5172 621 5249 πολεμίων
632 5172 733 5251 ἐξουσία
749 5170 883 5249 γενέσθαι,

111 5298 122 5319 ι
139 5266 295 5346 συμμαχίαν
310 5267 355 5324 οὐκ
368 5264 487 5341 ἔπεμψαν
503 5260 539 5337 μὴ
556 5259 707 5337 βουλόμενοι
721 5261 804 5317 δοκεῖν
816 5258 883 5316 κατὰ

915 1516 1016 1566 eundem
1031 1518 1223 1581 improbitatem,
1240 1534 1287 1568 non
1301 1525 1349 1569 lrrrn
1361 1520 1455 1569 illorum
1469 1522 1557 1582 gratia,
1571 1535 1645 1582 quum
1667 1527 1695 1569 ut

915 1626 968 1663 sese
983 1615 1131 1664 moderatum
1143 1630 1196 1665 esse
1215 1618 1334 1667 ostcudut.
1379 1637 1392 1663 ιι
1411 1622 1465 1675 Quo
1480 1620 1552 1667 modu
1565 1620 1637 1679 igilur
1649 1620 1695 1678 (ut

917 1730 929 1753 ιι
938 1712 1018 1774 ipsum
1026 1716 1137 1775 tanquam
1148 1720 1289 1775 praesentem
1300 1716 1425 1777 alloquar),
1436 1720 1518 1775 tusto,
1527 1715 1694 1764 historicorum

917 1827 928 1852 ιι
939 1810 1093 1873 gravissime,
1105 1813 1114 1873 (
1124 1810 1147 1858 id
1156 1812 1220 1861 enirn
1231 1812 1324 1861 tibimet
1333 1812 1447 1874 arrogem)
1461 1812 1512 1873 lpse
1520 1816 1544 1861 et
1554 1812 1645 1860 Galilmi
1657 1825 1694 1873 pu·

917 1928 929 1951 ι
942 1908 995 1958 trias
1007 1913 1054 1957 lure
1065 1912 1176 1958 suctores
1193 1909 1283 1958 luimus
1296 1909 1420 1959 seditionis
1432 1909 1560 1960 adversm
1576 1912 1695 1958 llonronos

917 2025 929 2049 ι
940 2011 964 2055 et
975 2008 1070 2066 regem?
1081 2005 1149 2054 l’rius
1159 2005 1223 2054 enim
1237 2019 1310 2067 quoru
1321 2007 1465 2055 esommuni
1475 2006 1695 2067 Hierosolymorum

919 2126 931 2149 ι
943 2110 1032 2169 pretor
1043 2107 1150 2156 Galilrrre
1161 2118 1238 2154 esseru
1247 2106 1392 2155 constitutus
1400 2142 1409 2167 ,
1417 2108 1444 2153 tu
1454 2111 1479 2153 et
1488 2106 1637 2155 Tiberreuses
1646 2107 1697 2153 uui·

919 2224 931 2247 ιι
943 2204 1006 2254 rersi
1016 2220 1062 2254 ooo
1073 2206 1150 2254 solnm
1161 2217 1228 2253 οεοιε
1238 2204 1398 2265 corriprdnlis,
1411 2202 1454 2253 sed
1465 2207 1489 2251 et
1500 2205 1574 2264 syrice
1584 2204 1690 2266 dempmli

919 2318 931 2343 ι
943 2298 1032 2348 bellum
1041 2299 1162 2349 intulistis.
1177 2302 1213 2348 t'u
1222 2299 1310 2361 quippe
1320 2299 1383 2347 illius
1398 2300 1463 2348 risos
1473 2300 1614 2363 incendisti,
1626 2305 1689 2351 tuus

918 2412 930 2435 ιι
942 2396 1100 2455 quelnmulus
1108 2396 1134 2444 iu
1143 2396 1246 2445 acieillio
1254 2396 1347 2445 cecidit.
1362 2401 1441 2459 Atque
1453 2397 1505 2446 Ιιαεο
1516 2412 1563 2447 uon
1572 2412 1586 2445 ε
1596 2412 1635 2447 rue
1648 2405 1697 2448 tan·

919 2511 931 2536 ι
944 2496 997 2542 lum
1007 2493 1128 2554 dicemur,
1137 2494 1180 2542 sed
1189 2498 1213 2543 el
1224 2495 1248 2541 in
1260 2496 1397 2556 Vespasium
1409 2498 1560 2558 imperatoris
1568 2510 1690 2546 eorumeo-

920 2610 931 2637 ι
945 2593 1010 2643 ledis
1019 2594 1104 2657 scripto
1113 2596 1261 2657 reperiuntur
1266 2612 1274 2657 ;
1282 2600 1306 2644 et
1314 2609 1362 2657 quo
1370 2596 1441 2645 modo
1450 2598 1621 2658 Vespasianum
1632 2601 1696 2660 apud

920 2713 932 2735 ιι
946 2694 1116 2742 Ptolemaidem
1137 2692 1280 2741 derisoribus
1296 2693 1435 2754 prosequuti
1451 2699 1507 2741 sunt
1527 2693 1698 2755 dempolitoui,

920 2812 931 2835 ι
946 2798 970 2843 te
980 2806 1054 2841 unum
1064 2791 1222 2841 auctoremed
1234 2792 1378 2854 supplicium
1391 2791 1555 2854 deposcentes·
1570 2797 1602 2841 Et
1612 2808 1685 2857 preun

920 2910 932 2933 ιι
946 2890 1053 2940 dedisses
1061 2892 1131 2951 jussu
1143 2890 1298 2953 Vespasiani,
1308 2892 1355 2938 nisi
1364 2891 1469 2953 Agrippa
1485 2905 1537 2950 rex,
1549 2898 1644 2953 derepta
1656 2908 1698 2955 po·

920 3009 932 3031 ιι
944 2993 1029 3039 uslere
1040 2994 1063 3038 te
1072 2988 1235 3049 interimendi,
1247 2987 1330 3037 multis
1341 2987 1452 3049 precibus
1462 3000 1476 3035 ε
1488 3001 1572 3039 sorore
1580 2993 1694 3041 Berenice

921 3110 932 3132 ιι
946 3090 1124 3152 interpellatus,
1145 3096 1169 3139 te
1190 3102 1239 3137 uon
1254 3089 1408 3149 sustulisset,
1426 3089 1468 3138 sed
1487 3089 1528 3138 diu
1547 3091 1571 3138 iu
1588 3094 1697 3143 custodio
1787 3072 1791 3077 ¹

922 3208 932 3230 ι
946 3190 1053 3238 vinclum
1065 3189 1189 3237 servasset.
1207 3188 1271 3244 Quin
1280 3191 1305 3237 et
1315 3200 1367 3249 reo,
1375 3200 1436 3249 quse
1447 3190 1563 3250 postrato
1575 3190 1699 3252 republica

921 3307 933 3330 ιι
945 3285 1052 3349 gessisti,
1062 3285 1140 3347 pelam
1152 3285 1242 3333 iaciunt
1250 3288 1275 3333 et
1286 3283 1401 3346 reliquom
1416 3288 1481 3333 tuam
1497 3288 1572 3334 ritem
1582 3320 1589 3345 ,
1599 3291 1623 3335 et
1634 3288 1698 3347 quod

921 3407 933 3430 ιι
946 3390 972 3436 tu
985 3385 1067 3448 patrie
1076 3381 1457 3433 tuaeructortuerisdeiectionisu
1465 3384 1585 3433 llomenis.
1597 3384 1623 3432 id
1634 3386 1698 3446 quod

922 3504 933 3526 ιι
947 3483 1029 3531 multis
1041 3481 1132 3530 ludicris
1143 3482 1213 3543 paulo
1223 3481 1284 3529 intro
1292 3481 1460 3529 eoolirruetum
1472 3482 1520 3530 ibo.
1547 3482 1608 3531 Volo
1619 3489 1700 3533 sutem

922 3602 934 3625 ιι
945 3589 1040 3646 propter
1050 3585 1074 3631 te
1084 3582 1137 3631 ullis
1147 3582 1219 3630 etiam
1230 3580 1408 3629 ‘liberiensibus
1419 3593 1493 3642 penca
1503 3581 1597 3642 dicere,
1608 3583 1698 3633 lucere-

922 3707 933 3729 ι
944 3698 991 3749 qne
1003 3690 1030 3733 ut
1040 3685 1116 3734 selant
1128 3684 1170 3746 qni
1186 3685 1229 3733 bes
1245 3683 1324 3745 legent
1339 3683 1464 3743 historias,
1481 3683 1547 3746 quod
1559 3697 1641 3746 neque
1651 3689 1700 3735 llo·

923 3806 934 3827 ι
948 3798 1072 3834 ιικιιιοευειε
1082 3799 1159 3848 neque
1168 3785 1230 3846 repp‘s
1243 3784 1314 3833 emioi
1325 3784 1425 3835 fueritis.
1459 3782 1559 3832 Urbium
1569 3785 1593 3833 in
1603 3787 1701 3836 Galilaeu

923 3907 935 3931 ιι
946 3888 1056 3935 ιοιεκίιοεο
1065 3889 1121 3935 sunt
1135 3887 1263 3950 Sepphoris
1276 3886 1428 3943 et'l'iberiss,
1441 3888 1497 3945 tus,
1511 3887 1593 3945 lusto,
1603 3890 1678 3949 patria
1692 3907 1698 3937 :

923 4006 935 4026 ιι
946 3985 988 4033 sed
1000 3983 1126 4046 Sepphoris
1140 3983 1236 4045 quidem
1247 3984 1271 4031 iu
1287 3980 1365 4030 media
1377 3981 1475 4031 Gallius
1486 3983 1531 4030 situ
1540 4017 1548 4042 ,
1558 3986 1582 4030 et
1595 3983 1658 4031 circs
1674 3998 1701 4033 se

924 4101 936 4123 ιι
948 4080 1039 4129 liabens
1055 4082 1120 4126 vicos
1140 4077 1341 4139 quamplurimos,
1359 4089 1460 4139 quaeque
1478 4076 1546 4126 iscile
1563 4083 1669 4140 poterat,
1681 4082 1701 4129 si
1729 4095 1734 4107 ·

924 4200 936 4223 ι
947 4178 1045 4243 quidem
1066 4177 1194 4235 voluisset,
1212 4173 1329 4224 adversus
1346 4176 1466 4223 Romanos
1487 4174 1578 4237 aliquid
1596 4175 1698 4234 endere,

926 4298 937 4321 ιι
948 4290 1029 4327 secum
1040 4245 1119 4324 lumen
1131 4277 1239 4322 soluens
1248 4286 1317 4321 suam
1324 4284 1380 4333 erqo
1390 4272 1500 4321 dominos
1511 4272 1583 4321 fidem
1594 4284 1701 4332 seruere,

925 4395 937 4415 ι
948 4380 973 4423 et
983 4387 1023 4421 me
1032 4371 1091 4419 urbe
1103 4384 1146 4418 sua
1157 4368 1269 4429 exclusit,
1279 4366 1406 4429 edictoque
1417 4367 1539 4431 probibuit
1548 4368 1637 4417 sirium
1648 4384 1702 4418 suo-

926 4490 938 4513 ι
952 4483 1005 4518 rum
1015 4480 1151 4531 quenquam
1161 4464 1254 4513 luderis
1269 4476 1361 4513 merere
1374 4477 1381 4512 ι
1394 4467 1469 4526 utque
1482 4476 1498 4512 ε
1510 4477 1548 4513 me
1558 4469 1628 4513 extro
1644 4466 1703 4527 peri·

927 4590 938 4613 ι
948 4569 1030 4619 culum
1040 4571 1104 4617 esset
1112 4601 1120 4627 ,
1129 4565 1185 4614 dolo
1196 4577 1235 4619 me
1249 4562 1395 4612 induxerunt
1405 4568 1433 4611 ut
1448 4563 1532 4612 orbern
1543 4575 1626 4613 eorum
1639 4576 1700 4611 mm-

928 4692 939 4714 ιι
952 4672 1022 4720 nibus
1040 4669 1164 4718 munirem.
1205 4670 1260 4723 Quo
1278 4666 1341 4714 lacto
1362 4664 1500 4727 presidium
1523 4668 1664 4725 receperunt
1690 4678 1705 4711 ε

928 4790 939 4813 ι
951 4770 1032 4818 Cestio
1043 4768 1125 4827 Gallo,
1135 4766 1175 4827 qui
1188 4765 1302 4825 Romanis
1315 4762 1450 4825 legionibus
1468 4762 1571 4824 insyria
1582 4767 1700 4824 prmerat,

928 4886 939 4911 ι
956 4880 994 4916 me
1007 4871 1155 4928 contempto,
1167 4864 1208 4927 qui
1226 4868 1278 4912 tum
1291 4870 1375 4925 potens
1390 4862 1460 4911 raldo
1475 4876 1540 4911 eram
1557 4865 1581 4911 el
1593 4864 1705 4913 omnibus

929 4986 940 5007 ι
954 4964 1046 5013 terrori.
1078 4966 1159 5019 Quum
1172 4965 1251 5009 sulem
1260 4974 1289 5009 eo
1298 4961 1405 5021 tempore
1418 4962 1608 5021 oppugnarentur
1623 4957 1704 5007 tliero·

929 5084 941 5107 ιι
952 5064 1056 5125 solyma,
1067 5059 1196 5121 urbsapud
1203 5072 1248 5108 nos
1258 5056 1418 5119 amplissima,
1431 5062 1456 5105 et
1463 5068 1547 5118 parum
1555 5055 1638 5104 uberet
1645 5056 1704 5116 quin

930 5186 941 5207 ι
954 5162 1069 5226 ternplum
1078 5150 1190 5210 omnibus
1199 5169 1327 5208 commune
1338 5156 1362 5204 iu
1373 5156 1479 5204 bostium
1491 5156 1631 5215 potestatem
1642 5154 1706 5203 reni·

930 5292 941 5311 ιι
956 5268 1004 5323 rel,
1021 5276 1068 5311 uon
1086 5262 1201 5310 miserunt
1215 5258 1349 5321 suppetias,
1365 5256 1430 5319 quod
1444 5253 1519 5304 rideri
1535 5254 1626 5303 nollent
1640 5267 1705 5302 orma
