3859 6084
264 506 320 557 :ts
361 494 476 572 (emen.)

263 622 395 694 δοκεῖν,τὸ
406 622 433 681 δέ
451 618 543 694 ἀληθές
558 620 603 678 καί
615 619 736 699 βουλήσει
749 624 782 700 τῇ
799 622 891 691 αὑτοῦ,
903 619 1036 687 καταστὰς

182 703 184 708 ’
211 709 214 719 '
263 711 307 770 ἐπὶ
318 716 364 782 τῆς
381 708 525 785 συγκλήτου
540 707 585 766 καῖ
606 707 685 785 μηδὲν
703 706 879 785 καταπλαγείς
898 707 1037 785 ἐλευθέροις

263 820 290 855 τε
304 798 349 855 καί
365 795 489 874 γενναίοις
508 794 615 875 ἀνδράσι
626 793 775 875 πρεπόντως
789 796 900 852 ποιεῖται
914 794 1035 875 παραίνε·

265 907 305 941 σιν
321 882 484 961 τάδε’λέγων.

237 991 250 1029 t
307 974 332 1049 β.
348 999 360 1021 u
376 973 406 1030 El
426 971 471 1028 καὶ
492 970 610 1039 ἄπιστον,
631 958 653 1027 ὦ
676 968 763 1046 ἀνδρες
781 967 922 1044 Ῥωμαῖοι,
945 967 988 1025 δεδι
1008 967 1038 1024 τὸ

268 1085 279 1107 ι
295 1056 380 1137 χρόνῳ
394 1056 484 1135 πολλῷ
495 1054 567 1125 ἥκειν
579 1054 730 1112 ἀνέλπιστον
746 1044 824 1112 ούσαν
837 1058 909 1129 ἡμῖν,
925 1056 982 1112 ἀλλ’
994 1044 1038 1112 οὖν

265 1143 384 1221 ιε’χομεν
406 1146 450 1201 τοῦ
465 1140 595 1220 ἐλευθέρου
616 1141 663 1211 τὴν
686 1140 800 1208 ἀξίωσιν,
816 1140 912 1209 ἀδηλον
932 1140 980 1217 μέν
999 1139 1040 1219 ἀφ’

268 1259 280 1284 ι
295 1224 390 1289 ὁπόσον
397 1227 612 1305 παρατείνουσαν,
620 1226 664 1283 καῖ
671 1226 761 1303 γνώμη
769 1230 842 1297 θεῶν,
852 1226 876 1285 οἳ
884 1229 1040 1305 ἐχαρίσαντο

266 1341 278 1366 ι
293 1312 382 1385 αὐτὴν,
394 1312 524 1391 κειμένην,
538 1312 680 1393 εὐφραίνειν
695 1311 722 1370 δὲ
739 1314 877 1391 ἀρκοῦσαν,
892 1314 951 1383 καί,
966 1312 1039 1391 εῖπερ

227 1420 252 1459 to
266 1428 277 1450 ι
292 1398 490 1481 ἀφαιρεθείημεν
499 1402 592 1469 αὐτῆς,
605 1398 753 1478 εὐδαιμονία
764 1399 935 1475 συνάγουσαν.
947 1400 1039 1469 Ἱκανή

266 1516 277 1541 ι
294 1486 344 1567 γάρ
353 1486 398 1546 καί
411 1486 458 1563 μία
470 1484 525 1564 ὥρα
539 1487 590 1551 τοῖς
604 1488 695 1563 ἀρετῆς
712 1487 904 1563 αἰσθανομένοις
923 1486 979 1565 μετ’
991 1489 1038 1543 αὖ·

265 1602 277 1628 α
291 1576 407 1639 τοτελοῦς
418 1577 464 1643 τῆς
471 1572 583 1638 διανοίας
594 1574 619 1629 ἐν
631 1572 795 1653 αὐτοδίκῳτῇ
804 1573 909 1653 πατρίδι
920 1574 964 1631 καί
973 1571 1040 1650 μετά

266 1661 375 1737 «νόμων
386 1650 423 1726 οἷς
438 1682 501 1718 ποτε
514 1659 609 1730 ἤνθησε
623 1659 776 1737 διαιτωμένῃ
798 1665 928 1738 βιωθεῖσα.
963 1660 1041 1735 Ἐμοί

266 1774 278 1800 α
293 1748 320 1806 dl
332 1752 377 1818 τῆς
396 1745 443 1823 μέν
456 1746 579 1826 πρότερον
591 1746 734 1827 ἐλευθερίας
746 1749 903 1822 ἀμνημονεῖν
916 1750 983 1817 ἔστι,
998 1747 1041 1805 tit

228 1853 252 1891 ιε
266 1862 277 1887 ι
292 1834 321 1893 rb
334 1833 442 1893 κατόπιν
460 1836 539 1903 αὐτῆς
557 1834 702 1911 γεγονέναι,
723 1838 768 1903 τῆς
791 1834 818 1892 δὲ
838 1840 882 1893 νῦν
903 1833 1041 1903 ἀπλήστως

266 1950 278 1973 ε
293 1920 469 2001 πιμπλαμένῳ
480 1920 655 2000 μακαριστούς
669 1942 697 1978 τε
711 1926 829 1997 ἡγεῖσθαι
847 1920 905 1987 τοὺς
917 1924 1040 1997 ἐγγεννη-

266 2034 279 2059 a
291 2006 379 2073 θέντας
388 2007 432 2065 καὶ
439 2006 607 2087 ἐντραφέντας
614 2007 746 2085 αὖτῇ,κα“ι
753 2011 805 2066 τῶν
815 2012 878 2066 θεῶν
885 2006 957 2065 οὐδέν
970 2006 1040 2082 μείο·

267 2122 279 2147 α
293 2118 334 2160 νος
344 2092 428 2160 ἀξίους
438 2098 515 2171 τιμῆς
526 2093 618 2153 τούσδε
631 2093 690 2160 τὼς
703 2092 811 2173 ἀνδρας,
826 2094 850 2152 οῖ
863 2093 908 2171 &pl
918 2099 979 2171 γοῦν
993 2095 1042 2150 κάν

268 2209 279 2231 ι
292 2180 375 2260 τούτῳ
383 2184 429 2251 τῆς
439 2178 540 2251 ἡλικίας
550 2186 620 2257 ἡμᾶς
630 2179 738 2257 ἔγευσεν
748 2183 836 2251 αὐτῆς.
858 2216 861 2223 ·
879 2180 931 2240 Καὶ
943 2178 984 2249 εἴη
996 2178 1042 2255 μὲν

227 2288 254 2325 ευ
268 2296 279 2321 ι
292 2270 327 2334 εἰς
341 2276 394 2325 πᾶν
407 2272 451 2325 τοῦ
466 2270 555 2333 αἰῶνος
567 2267 596 2324 τὸ
613 2267 684 2325 ἀπιὸν
702 2276 861 2346 παραμεῖναι
878 2265 925 2336 τὴν
950 2267 1042 2323 ἀδειαν

268 2383 279 2408 ι
294 2356 384 2425 αὐτῆς·
399 2356 513 2432 ἀρκοῦσα
523 2356 545 2411 δ’
557 2353 588 2411 ἀν
599 2352 697 2431 γένοιτο
708 2356 752 2412 καί
763 2354 810 2425 ἥδε
821 2358 837 2425 ἡ
852 2353 939 2434 ἡμέρα
949 2363 1003 2420 τοῖς
1013 2376 1041 2410 τε

269 2440 422 2521 «νεωτέροις
433 2445 508 2517 ἡμῶν
522 2440 566 2498 καί
576 2438 631 2499 ὅσοι
645 2441 837 2521 γεγηράκαμεν.
879 2440 949 2499 Atio
965 2440 1039 2498 ὑπεί-

270 2558 282 2583 α
297 2532 395 2601 ληπται
409 2538 460 2595 τοῖς
478 2528 673 2607 πρεσάυτέροις,
687 2525 730 2585 tto
745 2532 796 2585 τῶν
813 2530 915 2603 ἀγαθῶν
929 2531 1006 2599 αὐτῆς
1017 2530 1043 2586 έν

272 2644 283 2668 ι
299 2614 388 2696 ὁμιλίορ
405 2614 534 2693 γεγονότες
545 2620 713 2689 μετασταῖεν·
727 2614 780 2680 τοῖς
798 2614 825 2671 δὲ
837 2614 968 2695 νεωτέροις
979 2614 1045 2672 παί-

230 2724 257 2762 us
272 2730 283 2755 ι
299 2704 381 2779 δευμα
394 2703 486 2781 ἀρετῆς
503 2701 703 2770 καταστησάοης
725 2700 819 2775 ἀγαθὸν
833 2700 941 2780 ἀνδράσι
959 2702 1044 2758 τοῖσδε

273 2816 284 2839 ε
301 2790 345 2868 ἀφ’
357 2779 393 2845 ὧν
411 2786 560 2864 γεγόναμεν,
604 2790 657 2846 Νῦν
672 2786 699 2843 δὲ
720 2786 769 2857 ἤδη
785 2786 829 2844 καῖ
846 2791 919 2863 ἡμῖν,
934 2786 977 2844 διδ
998 2786 1046 2857 τὴν

274 2872 357 2952 ιάρτι
376 2872 445 2952 ὥραν
466 2872 538 2929 οὐδὲν
559 2871 767 2953 προύργιαίτερον
791 2872 830 2944 είη
851 2879 895 2931 τοῦ
914 2878 960 2944 ζῆν
979 2872 1045 2948 μετθ

274 2988 285 3011 ι
302 2962 407 3039 ἀρετῆς,
421 2960 439 3029 ἢ
459 2959 524 3036 μόνη
546 2961 700 3040 έκρροντίζει
716 2964 753 3017 τῶ
768 2960 917 3041 ἀνθρωπείῳ
931 2960 960 3019 τὸ
975 2958 1047 3017 ἀλεύ-

274 3052 381 3125 αθερον,
424 3046 495 3123 Ἐγὼ
509 3046 559 3126 γὰρ
571 3046 604 3105 τὰ
618 3046 719 3105 παλαιά
731 3023 786 3105 οῖδα
799 3050 864 3125 ἀκοῇ
874 3046 1046 3125 παραλαάὼν,

232 3149 285 3187 ³0«
301 3124 338 3198 οἷς
349 3132 376 3191 δέ
388 3132 445 3213 ὄψει
460 3133 587 3209 ὁμιλήσας
598 3135 715 3213 ᾐσθόμην
729 3130 790 3191 οίων
808 3137 896 3191 κακῶν
911 3132 957 3198 τθς
971 3135 1047 3190 πολι-

274 3218 368 3285 ατείας
387 3220 583 3295 ἀναπίμπλασιν
606 3223 633 3278 αῖ
657 3220 818 3299 τυραννίδες,
837 3216 985 3277 κωλύουσαι
999 3216 1046 3296 μέν

273 3333 286 3357 ι
301 3314 389 3364 πᾶσαν
408 3308 511 3385 ἀρετὴν,
527 3309 572 3365 καῖ
591 3314 637 3365 τοῦ
658 3307 847 3387 μεγαλόφρονος
859 3303 1047 3387 ἀφαιρούμεναι

273 3421 285 3443 ε
300 3392 329 3451 τὸ
339 3390 477 3472 ἐλεύθερον,
491 3396 627 3460 κολακείας
641 3394 667 3452 δέ
681 3394 724 3453 καί
740 3392 818 3476 φόὸου
833 3394 986 3457 διδάσκαλοι
999 3416 1047 3450 κα-

273 3506 285 3532 ι
300 3480 464 3555 θιστάμεναι,
476 3478 518 3537 tut
530 3482 558 3539 τὸ
570 3482 606 3558 μὴ
622 3482 664 3539 ε’πῖ
674 3482 751 3562 supin
765 3484 816 3540 τῶν
826 3481 922 3558 νόμων,
935 3478 992 3538 ἀλλ’
1005 3479 1048 3537 ἐπὶ

233 3588 259 3625 ει
274 3595 285 3617 ι
298 3571 331 3643 τῇ
343 3570 410 3647 ὁρμῆ
421 3571 470 3624 τῶν
482 3569 658 3645 ἐφεστηκότων
671 3568 837 3627 καταλείπειν
846 3568 879 3625 τδι
893 3566 1049 3647 πράγματα.

274 3682 285 3705 ι
301 3653 357 3733 Ἀφ’
371 3632 403 3712 ού
412 3653 462 3733 γὸιρ
476 3654 582 3721 Ἰούλιος
596 3658 699 3735 Καῖσαρ
715 3654 842 3734 φρονήσας
853 3654 896 3713 tri
906 3651 1049 3711 καταλύσει

274 3768 286 3793 ι
303 3744 350 3810 τῆς
361 3740 535 3818 δημοκρατίας
550 3742 594 3799 καί
612 3742 812 3817 διαβιασάμενος
824 3742 868 3799 τὸν
882 3740 980 3815 κόσμον
998 3742 1049 3796 τῶν

274 3854 286 3877 ι
299 3822 387 3899 δόμων
404 3824 451 3895 τὴν
466 3829 596 3885 πολιτείαν
611 3826 780 3907 συνετάραξε,
800 3826 925 3906 κρείσσων
940 3824 987 3900 μέν
1001 3830 1047 3882 τοῦ

274 3940 287 3965 ι
302 3911 400 3971 δικαίου
418 3912 565 3990 γενόμενος,
584 3914 672 3985 ἥσσων
687 3914 714 3973 δέ
732 3918 778 3973 τοῦ
791 3914 850 3971 κατ’
868 3912 935 3971 ἰδίαν
954 3909 1051 3981 ἡδονὴν

234 4019 261 4058 ιο
274 4029 285 4054 ι
298 4003 370 4078 αὐτῷ
377 4004 592 4077 κομιοῦντος,οιἰκ
599 4001 667 4059 έστιν
676 4001 779 4060 ὅτιτῶν
786 4004 873 4059 κακῶν
882 4002 911 4059 οὗ
919 3998 1052 4079 διέστρεψε

275 4115 286 4140 ι
298 4086 345 4158 τὴν
358 4086 442 4159 πολιν,
454 4088 669 4166 φιλοτιμηθέντων
682 4088 745 4167 πρὸς
757 4086 884 4157 ἀλλήλους
891 4084 1015 4143 ἁπάντων
1027 4082 1053 4141 οῖ

275 4204 286 4227 ι
302 4174 391 4255 ἐκείνῳ
405 4175 520 4253 διάδοχοι
531 4180 574 4246 τῆς
584 4179 665 4254 ἀρχῆς
677 4174 850 4245 κατέστησαν,
860 4174 900 4231 ἀπ’
911 4174 1052 4253 ἀφανισμῷ

276 4290 287 4315 ι
303 4266 348 4320 rob
361 4261 491 4341 πατρίου,
505 4263 550 4320 καῖ
573 4268 607 4329 ὡς
625 4263 656 4319 ἀν
675 4262 789 4338 μάλιστα
802 4264 854 4318 τῶν
867 4262 979 4317 πολιτῶν
993 4260 1051 4337 ἀρη·

277 4375 290 4400 ι
305 4345 370 4423 μίαν
381 4352 426 4405 τοῦ
441 4348 557 4422 γενναίου
570 4348 758 4420 καταλείποιεν,
773 4346 815 4405 brt
827 4346 857 4404 τὸ
871 4346 970 4405 οῖεσθαι
987 4345 1052 4424 πρὸς

239 4454 264 4493 tu
278 4462 290 4485 ι
305 4432 447 4515 ἀσφαλείας
470 4424 535 4493 εἶναι
554 4439 600 4505 τῆς
620 4437 704 4493 αὐτῶν
725 4434 754 4491 τὸ
779 4432 909 4505 κιὸδήλοις
931 4430 1053 4511 ἀνδράσιν

277 4550 288 4575 ι
307 4521 415 4595 ὁμιλεῖν,
430 4519 475 4577 καί
496 4526 547 4579 τῶν
561 4523 641 4599 ἀρετῇ
663 4518 786 4600 προύχειν
802 4516 1011 4594 πεπιστευμένων
1023 4520 1054 4575 ού

278 4635 289 4657 ι
303 4608 379 4683 μόνον
399 4610 516 4686 ὑφαιρεῖν
531 4632 556 4665 τι
578 4613 622 4666 τοῦ
645 4606 812 4684 αὐχήματος,
832 4606 890 4663 ἀλλ’
905 4606 939 4670 είς
954 4603 984 4661 τὸ
1000 4614 1053 4661 πᾶν

279 4692 466 4773 εέπιψηφίζειν
491 4697 575 4753 αὐτῶν
599 4700 651 4759 τοῖς
675 4692 795 4772 ὀλέθροις.
841 4682 895 4749 Ὧν
920 4693 1053 4761 ἁπάντων,

280 4814 291 4839 ι
310 4791 412 4870 ἀριθμῷ
425 4808 454 4843 τε
469 4784 573 4842 πολλῶν
586 4780 666 4840 όντων
680 4780 725 4839 καῖ
748 4779 881 4858 βαρύτητα
901 4779 1054 4837 ἀνύποιστον

239 4898 267 4937 sn
282 4896 294 4926 Ι
309 4872 507 4951 ἐπιδειξαμένων
519 4874 579 4929 καθ’
592 4868 609 4927 ἀ
628 4867 735 4935 ἕκαστος
747 4860 834 4947 ἦρξεν,
852 4858 888 4933 είς
901 4864 937 4924 ὧν
949 4871 963 4925 ὁ
977 4866 1058 4934 δ’ἀῖος

284 4984 298 5009 s
309 4966 323 5020 ὁ
335 4962 449 5041 σήμερον
468 4956 589 5033 τεθνεὼς,
603 4956 686 5015 πλείω
699 4976 727 5013 τε
746 4954 851 5014 πάντων
866 4952 935 5013 δεινά
951 4953 1055 5012 ἀπέδει·

286 5078 298 5103 ι
316 5047 365 5119 ξεν,
379 5052 408 5105 οὺ
423 5046 499 5124 μόνον
510 5048 545 5113 εῑς
558 5042 615 5110 τοὺς
626 5041 800 5119 συμπολίτας,
815 5040 882 5100 ἀλλά
895 5040 940 5100 καλ
953 5042 989 5108 είς
997 5040 1056 5107 τοὺς
1069 5040 1072 5045 ’

276 5164 297 5199 ,ι
311 5142 440 5211 συγγενεῖς
459 5133 504 5191 καὶ
518 5133 605 5212 φίλους
619 5130 775 5189 ἀπαίδευτον
786 5128 833 5201 τὴν
846 5128 924 5210 ἀργὴν
936 5129 1055 5210 ἐπαφεὶς,

283 5256 295 5280 ι
310 5224 403 5304 ὁμοίοις
428 5226 480 5290 τοῖς
506 5222 588 5281 ἀπασι
613 5222 657 5279 καί
681 5220 760 5296 μείζω
785 5218 855 5278 κακά
879 5218 1058 5299 ἐντριβόμενος

731 490 1012 551 ΑΡΧΑΙΟΔΟΓΙΑΣ
1033 492 1126 551 [illiti.
1151 492 1200 549 to.
1225 492 1320 552 itud.
1342 493 1374 551 B.

1729 495 1840 572 [munii.

1087 642 1111 678 re
1122 634 1201 679 autom
1209 640 1265 679 vera
1275 635 1389 692 uuuonteet
1400 629 1520 680 uoluntate
1531 643 1586 691 stra,
1598 629 1622 677 iu
1633 634 1768 678 snrintunrm
1777 634 1839 679 tirum

1082 729 1193 765 ouusessu
1206 718 1321 778 sturmii,
1330 718 1437 779 nihilque
1448 718 1579 777 attonitus,
1591 717 1752 764 liurtattuuenr
1760 718 1808 764 rins
1816 719 1840 764 ii·
1864 673 1865 742 ί

1082 805 1165 865 gennis
1176 808 1201 854 et
1221 805 1321 854 lontibus
1335 806 1537 855 auuummodatanr
1548 804 1648 853 adhibet
1664 804 1839 865 lrujrrsuudirer·

1086 891 1129 939 bis.

1114 984 1136 1027 2.
1149 998 1161 1021 u
1174 980 1223 1027 Etsi
1234 993 1278 1041 pru
1286 978 1415 1030 inaudibili
1425 979 1563 1034 debentur,
1575 978 1696 1037 Quirites,
1709 979 1842 1039 utpotequnt

1085 1097 1097 1121 ι
1111 1084 1198 1141 prmter
1213 1080 1319 1128 runuium
1339 1092 1407 1141 spem
1425 1078 1494 1128 uulsis
1511 1078 1610 1128 ullertur
1629 1082 1685 1140 post
1701 1082 1749 1125 tuni
1763 1078 1841 1137 luupn

1083 1194 1096 1217 ε
1110 1176 1224 1237 urnports
1234 1175 1351 1237 spetlum,
1368 1183 1477 1225 tenemus
1493 1182 1571 1224 ιειιιειι
1583 1176 1734 1235 libertatem,
1749 1174 1842 1223 iumrtau

1084 1290 1096 1311 a
1107 1272 1202 1332 nitidem
1211 1285 1282 1333 utiam
1289 1272 1329 1321 diu
1337 1272 1450 1321 drinium
1457 1273 1504 1332 sit,
1513 1274 1538 1320 et
1545 1272 1569 1320 iu
1578 1270 1691 1329 deorum,
1701 1285 1795 1333 ιμιοτιιιιι
1803 1287 1843 1319 inu·

1085 1386 1097 1408 κ
1110 1381 1155 1415 niis
1164 1371 1214 1427 est,
1222 1372 1338 1431 potestate
1349 1371 1436 1431 εἰιυιιις
1445 1370 1550 1432 εοιΙουαι
1558 1371 1618 1419 satis
1629 1370 1655 1419 ia
1668 1369 1842 1419 εεΙιαὸειειΙοω
1872 1367 1874 1434 l

1085 1486 1097 1509 ι
1107 1467 1300 1528 ειΙιίΙιιεοοθυιιι,
1315 1472 1353 1531 et,
1363 1471 1384 1519 si
1396 1470 1464 1520 deun
1478 1470 1652 1532 deciderimus,
1667 1471 1772 1519 nonnitdt
1786 1470 1810 1517 ad
1820 1472 1843 1517 te·
1874 1445 1875 1496 ί

1087 1584 1099 1607 r
1112 1566 1224 1615 ttritatem
1235 1568 1346 1618 nonteret.
1379 1571 1436 1618 llam
1448 1573 1473 1620 et
1481 1583 1528 1619 uua
1543 1570 1601 1619 liora
1613 1570 1673 1619 riuis
1683 1570 1780 1619 tinniret
1789 1571 1845 1619 liue-

1085 1681 1097 1702 «
1110 1663 1154 1711 stis
1161 1663 1353 1723 sustinuerunt
1361 1671 1440 1715 tuente
1451 1668 1600 1728 integraaeta
1610 1672 1645 1717 sit
1662 1670 1686 1717 in
1700 1670 1773 1731 patria
1787 1671 1845 1718 liber
1877 1677 1878 1734 γ

1087 1776 1098 1799 α
1108 1762 1132 1805 et
1141 1759 1247 1819 legibus,
1257 1761 1345 1821 quibua
1355 1762 1412 1810 oliuu
1431 1762 1523 1821 duruit,
1532 1763 1708 1813 administrate
1744 1770 1775 1814 lle
1785 1766 1845 1826 priore
1877 1753 1879 1816 ί

1086 1854 1841 1921 ιιιοει-ιειε,ιιιροιεεινιειιιειαωιιιεωιειε,ιιιιιιιιειωω,
1879 1831 1880 1882 ί

1087 1970 1099 1993 ι
1112 1952 1221 2014 presenti
1233 1959 1312 2002 autem
1324 1954 1451 2003 insatiabili
1461 1970 1516 2005 eum
1526 1958 1657 2019 cupiditate
1667 1958 1748 2008 truens
1760 1963 1842 2011 susten
1879 1906 1881 1969 ί

1087 2063 1099 2086 σι
1113 2043 1217 2093 tissimus
1228 2046 1370 2095 existimabo
1380 2046 1468 2109 uirilius
1481 2050 1578 2110 contigit
1592 2051 1616 2098 iu
1631 2052 1676 2099 ista
1690 2053 1754 2110 nimii
1765 2058 1785 2101 ut
1794 2054 1846 2100 iusti·
1882 2063 1883 2110 t

1088 2160 1100 2183 ι
1113 2141 1161 2203 tui,
1174 2144 1355 2207 proximumque
1374 2149 1428 2207 post
1439 2145 1497 2195 daus
1512 2148 1629 2196 bonorem
1646 2149 1695 2196 iltis
1709 2149 1840 2205 imbenlun,
1883 2139 1884 2182 ί

1088 2253 1100 2276 οι
1112 2234 1154 2297 qui
1174 2235 1279 2285 teueruut
1290 2242 1331 2297 ut,
1343 2250 1397 2286 seru
1415 2238 1471 2287 linet
1488 2243 1514 2287 et
1529 2239 1681 2289 modernum
1698 2244 1780 2299 unu,
1795 2242 1845 2289 illan

1088 2348 1101 2373 ι
1113 2334 1270 2391 gustaremus.
1281 2336 1359 2395 Atque
1372 2332 1461 2390 utinum
1474 2334 1497 2382 iu
1509 2340 1651 2395 perpetuum
1660 2336 1727 2383 salua
1736 2338 1846 2384 monetet
1886 2371 1887 2404 ,

1089 2444 1101 2467 α
1112 2425 1236 2474 incolumis
1248 2440 1254 2473 :
1265 2427 1334 2475 nobis
1345 2432 1438 2488 autem,
1449 2428 1577 2489 juvenibus
1589 2442 1661 2491 eqrie
1670 2431 1807 2489 anseribus,
1818 2428 1846 2477 ret
1887 2449 1888 2472 ι

1090 2518 1228 2569 εθιωοιῖίεε
1239 2520 1349 2572 sufficiat.
1381 2521 1602 2571 seutoritnsaevum
1614 2523 1846 2585 liabebitur‚sibuuu·
1888 2523 1889 2556 l

1090 2629 1101 2654 ι
1114 2624 1167 2658 nnn
1179 2611 1293 2661 libertatis
1303 2612 1428 2675 μοειῖοῖρεο
1435 2614 1490 2662 lauti
1497 2614 1641 2664 decesserint
1651 2617 1793 2678 :junioribus
1803 2629 1848 2665 reru

1091 2723 1103 2745 ι
1115 2703 1257 2753 documento
1268 2706 1314 2754 erit
1329 2705 1437 2766 uirtutis,
1449 2718 1503 2769 qure
1514 2708 1570 2755 uiris
1580 2708 1632 2757 istis
1644 2710 1669 2757 iu
1682 2710 1847 2758 eutulunentun

1090 2817 1103 2842 ι
1113 2800 1184 2848 cessit
1191 2801 1314 2862 ,aquibus
1322 2803 1428 2862 prognati
1438 2816 1528 2852 sumus.
1560 2806 1629 2853 ttuuc
1639 2808 1722 2867 itaque
1728 2810 1751 2854 et
1760 2806 1818 2853 uubis
1826 2806 1845 2852 ta

1091 2911 1103 2933 ι
1116 2906 1219 2953 prnueus
1230 2894 1290 2941 nibil
1307 2894 1373 2955 prius
1384 2908 1437 2944 esse
1459 2895 1530 2944 debet
1549 2900 1573 2945 et
1586 2898 1712 2960 antiquius
1722 2912 1788 2959 ιμιοιο
1803 2910 1847 2945 run

1093 3005 1105 3027 a
1120 2986 1208 3035 uirtute
1222 2985 1315 3047 vivere,
1325 2998 1379 3048 ηοω
1388 2986 1438 3035 sola
1449 2988 1586 3037 bominibus
1598 2989 1731 3039 libertatern
1739 2992 1795 3052 parit
1805 3004 1849 3037 uuu-

1092 3083 1247 3141 «seruatque.
1280 3082 1316 3130 Εε
1333 3080 1362 3129 iis
1383 3081 1448 3129 euim
1463 3094 1517 3143 quim
1534 3084 1590 3131 oliuu
1603 3084 1664 3132 laeta
1679 3091 1736 3133 suut
1750 3084 1849 3133 auditione

1092 3192 1104 3213 a
1116 3173 1210 3234 uroepi,
1226 3172 1361 3234 quibusque
1373 3173 1423 3235 ipse
1435 3174 1529 3224 interlui
1546 3177 1604 3224 sutis
1623 3177 1742 3237 intellexi,
1752 3184 1848 3239 quntum

1092 3285 1104 3308 ι
1116 3267 1266 3315 mulorumin
1284 3267 1392 3318 deitates
1405 3268 1518 3317 iuuelinut
1535 3258 1687 3333 tyrannides,
1704 3274 1766 3322 omui
1782 3273 1848 3319 uirtuti

1093 3380 1104 3400 ι
1115 3360 1245 3419 obstando,
1256 3365 1281 3409 et
1290 3362 1445 3423 magnanimis
1456 3363 1589 3412 libertatem
1598 3364 1742 3425 auferente,
1751 3365 1849 3413 Ιωιοὶοεε

1093 3473 1105 3497 α
1119 3466 1167 3516 quie
1177 3453 1207 3502 ad
1219 3454 1380 3504 stillationem
1390 3457 1415 3504 et
1425 3461 1517 3505 metum
1533 3457 1693 3517 instituendo,
1707 3458 1761 3506 duur
1770 3470 1802 3505 rer
1811 3468 1849 3503 ωο

1094 3568 1106 3589 ι
1118 3561 1147 3597 ει
1156 3548 1257 3611 sapienti
1268 3548 1346 3609 legum
1355 3550 1477 3609 cautione,
1489 3549 1531 3598 sed
1543 3562 1588 3598 suo
1599 3564 1627 3599 er
1646 3552 1746 3601 arbitrio
1756 3551 1849 3599 adruiuis

1095 3645 1188 3689 «urunt.
1222 3644 1255 3689 Ex
1268 3654 1318 3703 quo
1326 3641 1390 3691 euim
1399 3640 1478 3690 lulius
1489 3643 1570 3691 cusar
1580 3643 1604 3691 in
1614 3642 1850 3705 animumimluiitpo

1096 3752 1107 3776 ι
1123 3734 1171 3794 puli
1181 3735 1322 3795 menatem
1334 3734 1429 3787 toliere,
1443 3732 1570 3795 legumque
1583 3735 1672 3783 ratirrne
1685 3735 1778 3797 iusuper
1786 3734 1850 3782 tubitr

1095 3847 1107 3868 «ι
1119 3833 1143 3875 et
1151 3827 1250 3886 violata,
1258 3826 1424 3888 rernpubtiuaru
1434 3826 1596 3888 pernitani,
1603 3827 1658 3888 lure
1666 3830 1772 3891 stupefiat
1780 3829 1849 3881 fidis.

1096 3940 1108 3961 a
1121 3920 1219 3982 surisque
1229 3918 1400 3982 cupiditatibus
1412 3919 1532 3980 εεττῖοοε,
1542 3920 1600 3969 nituit
1610 3922 1739 3984 quioqrram
1753 3922 1850 3971 nutum

1097 4031 1109 4053 ι
1123 4016 1160 4059 ert
1170 4025 1219 4073 quo
1233 4024 1281 4059 nou
1300 4012 1381 4060 attrita
1391 4010 1461 4060 tuerit
1479 4010 1579 4071 ciuitas,
1595 4013 1710 4063 omuibus
1720 4014 1820 4063 oertrtin
1831 4009 1850 4059 it

1097 4127 1108 4146 α
1122 4104 1259 4164 agentibus,
1271 4104 1312 4167 ηιιῖ
1321 4104 1343 4155 ei
1358 4104 1383 4153 ln
1392 4104 1519 4167 imperium
1539 4110 1724 4167 sureesseruut,
1737 4110 1762 4154 ut
1771 4104 1849 4168 patrian

1098 4218 1109 4241 ε
1122 4196 1318 4245 cousuetudinem
1332 4196 1467 4259 abolerent,
1475 4200 1500 4245 et
1509 4197 1607 4256 urben»,
1618 4198 1701 4259 quoad
1711 4199 1760 4260 ejus
1771 4197 1814 4245 lieri
1821 4208 1850 4257 pu

1098 4313 1110 4336 ιι
1122 4293 1182 4352 tuit,
1193 4291 1294 4340 fortibus
1304 4295 1328 4340 et
1336 4290 1459 4353 menosiu
1471 4290 1565 4340 ultibus
1574 4292 1725 4342 exinanirent
1729 4311 1738 4355 ς
1748 4290 1804 4354 «prod
1813 4290 1850 4337 eii·

1099 4407 1111 4429 ι
1121 4389 1244 4437 stiument
1253 4386 1298 4435 buu
1309 4386 1339 4435 ad
1349 4386 1503 4435 manutenere
1511 4386 1678 4447 remittatem,
1693 4388 1776 4437 uiuum
1791 4384 1851 4432 tuni·

1099 4479 1193 4529 niuibus
1207 4484 1356 4529 uersarentur
1369 4478 1461 4528 uitiosis
1478 4481 1504 4529 et
1517 4478 1653 4541 dagibmis,
1666 4486 1691 4529 et
1708 4493 1798 4537 eurum,
1812 4476 1846 4537 nul

1099 4594 1111 4617 ι
1125 4575 1211 4623 uirtute
1229 4571 1418 4636 prestantissimi
1439 4572 1589 4631 naberentur,
1606 4587 1656 4623 non
1675 4576 1751 4624 uotum
1770 4572 1851 4635 spiritus

1099 4688 1111 4709 ιι
1123 4667 1294 4729 deprimerent,
1308 4664 1349 4714 sed
1364 4670 1389 4714 et
1399 4665 1424 4713 in
1436 4666 1575 4714 universnm
1587 4678 1629 4715 eus
1643 4667 1718 4717 exitio
1726 4664 1850 4715 addioerrut.

1100 4782 1111 4804 ι
1121 4765 1228 4818 Quorum
1237 4759 1344 4807 urnnluiu
1351 4794 1359 4819 ,
1366 4758 1412 4807 etsi
1426 4758 1496 4807 multi
1506 4757 1594 4807 timriut
1602 4772 1703 4809 numeru
1712 4763 1737 4809 et
1744 4757 1851 4807 tuumn-

1100 4876 1111 4898 ι
1124 4854 1179 4904 dnm
1190 4854 1337 4903 «tetenderint
1347 4851 1541 4901 morositatemin
1552 4851 1851 4915 imperioeueromdu,uuru

1100 4970 1112 4993 ε
1124 4950 1209 5008 cairus,
1221 4949 1291 4998 lindie
1311 4949 1358 4997 uite
1375 4946 1596 5009 ι1εῖιιιιοιιιε,ρ1ιιτε
1613 4960 1685 5007 οοειει
1704 4946 1772 4996 ueteri
1784 4953 1852 4993 οιιιιισ

1100 5045 1213 5093 «structu
1232 5044 1334 5093 Ιεοῖιιοτιι
1351 5044 1497 5101 edidit‚non
1515 5042 1539 5091 iu
1556 5042 1623 5091 eires
1641 5042 1719 5091 sulum
1737 5054 1801 5097 sius.
1817 5035 1850 5087 sal

1101 5155 1114 5178 ι
1123 5136 1232 5186 οιίεοιίιι
1248 5142 1361 5198 segnatos
1375 5135 1460 5198 pariter
1470 5138 1496 5185 et
1512 5135 1602 5183 amima
1619 5133 1756 5183 indomitam
1766 5130 1850 5182 muto

1102 5251 1113 5273 ι
1127 5227 1271 5278 iracundiam
1279 5264 1286 5289 ,
1294 5226 1406 5278 omuibus
1414 5227 1465 5278 siue
1476 5224 1612 5275 discrimine
1621 5227 1731 5287 grauiora
1740 5228 1804 5274 etiarn
1814 5236 1849 5271 nu
