3859 6084
213 1989 355 2058 Flavius
370 1983 549 2079 losephus
568 2009 608 2052 ex
632 1984 673 2052 iis
693 1983 930 2080 scriptoribus
950 2001 1022 2054 erat
1046 2011 1139 2081 qum
1162 2003 1369 2061 nostrorum
1397 2007 1486 2062 tem·

166 2135 291 2206 purrrm
317 2133 373 2180 ars
396 2107 517 2178 critica
543 2105 709 2176 noudum
733 2105 798 2176 sibi
828 2122 1026 2202 sumpserat
1056 2109 1270 2180 tractandos.
1296 2115 1344 2184 Ea
1372 2138 1484 2210 quum

164 2235 229 2304 aliu
249 2246 430 2330 apparatu
450 2231 660 2300 instructior
683 2245 734 2300 est
754 2212 863 2324 quam
883 2254 963 2326 quae
991 2231 1078 2300 olim
1107 2233 1361 2322 exercebatur,
1388 2237 1486 2308 velut

164 2356 395 2426 subtiliorum
418 2355 656 2447 grammaticas
679 2351 794 2448 legum
814 2357 1044 2448 cognitione,
1064 2371 1140 2424 tum
1164 2355 1234 2426 boc
1254 2359 1485 2454 potissimum

164 2492 319 2573 praestat,
353 2491 393 2545 ut
425 2475 706 2568 uniuscujusque
740 2477 836 2544 testis
868 2473 1029 2544 intluleru
1061 2491 1093 2545 et
1128 2492 1292 2548 naturam
1326 2481 1486 2576 exploret

163 2603 375 2696 priusquam
392 2598 470 2692 ejus
487 2595 652 2666 admittat
673 2597 932 2666 testimouium.
960 2598 1114 2668 Plurima
1130 2601 1226 2670 euim
1249 2601 1322 2693 jam
1343 2603 1430 2672 olim
1447 2605 1483 2673 iu

163 2724 302 2820 scriptis
320 2719 512 2792 codicibus
529 2719 574 2790 de
599 2718 775 2789 industria
799 2735 932 2790 mutata
958 2737 1040 2790 sunt
1066 2735 1098 2790 et
1118 2722 1163 2790 ad
1183 2748 1306 2792 earum
1327 2725 1483 2820 aliquam

161 2873 235 2943 quae
256 2845 389 2917 multis
411 2843 539 2914 seculis
567 2857 649 2938 post
676 2843 774 2940 ipsos
800 2845 995 2938 scriptores
1021 2845 1185 2938 rigebant
1220 2846 1394 2941 loquendi
1423 2866 1485 2921 aut
1574 2917 1577 2924 .

159 2967 340 3040 sentiendi
384 2963 684 3038 consuetudinem
720 2979 849 3060 aptata.
899 2969 1019 3051 Quare
1058 2965 1266 3061 detegendae
1303 2971 1484 3066 scripturae

157 3094 322 3186 gerurinae
349 3085 447 3159 nulla
467 3102 585 3183 potest
613 3111 694 3184 spes
714 3111 803 3174 esse,
825 3088 891 3156 nisi
916 3088 1017 3183 prins
1037 3089 1073 3158 iu
1097 3089 1239 3160 codices
1258 3092 1355 3186 ipsos
1376 3109 1412 3163 et
1433 3110 1483 3164 te·

156 3230 222 3292 stes
242 3215 339 3284 alios
361 3211 547 3306 inquisitio
564 3209 830 3306 diligentissima
852 3209 954 3280 luerit
973 3211 1150 3298 instituta,
1172 3229 1210 3282 ut
1227 3215 1383 3286 sciamus
1401 3221 1482 3312 qui-

156 3363 235 3406 urun
256 3339 332 3408 sint
361 3351 396 3405 et
426 3333 558 3429 quibus
584 3331 699 3403 modis
728 3333 960 3428 interpolati,
989 3335 1136 3428 quinam
1158 3335 1322 3407 iulucatae
1345 3340 1482 3410 veritati

157 3462 354 3556 propiores.
376 3461 451 3526 Hoc
472 3457 590 3552 ipsum
617 3457 653 3524 iu
677 3453 836 3550 Joseplto
866 3453 1066 3525 laciendum
1099 3457 1273 3545 restabat,
1297 3461 1398 3555 cujus
1420 3488 1481 3532 co·

155 3582 275 3650 «licum
305 3593 362 3650 sat
390 3577 507 3676 ampla
529 3577 633 3672 copia
656 3592 825 3672 superest.
856 3577 880 3646 li
904 3592 939 3648 et
963 3579 1057 3648 inter
1087 3605 1125 3649 se
1160 3581 1315 3652 multum
1340 3583 1479 3658 dissen-

156 3705 268 3788 tiunt,
289 3717 327 3772 et
347 3724 439 3796 saepe
458 3697 649 3770 discedunt
676 3723 694 3768 a
718 3701 958 3772 vetustissima
987 3701 1219 3774 translatione
1249 3705 1358 3778 latina
1375 3709 1481 3803 (quae

156 3826 299 3895 maximi
321 3823 429 3920 pretii
453 3835 504 3892 est
528 3821 672 3906 criticO,
702 3821 792 3892 male
819 3822 933 3910 edita,
956 3848 1079 3893 verum
1101 3827 1274 3920 integrior
1294 3831 1330 3898 iu
1354 3855 1476 3902 mauu·

154 3949 295 4043 scriptis
311 3947 347 4040 );
364 3943 523 4039 denique
544 3942 811 4041 clunuograpbi
839 3943 948 4015 etalii
977 3947 1190 4042 scriptores,
1215 3951 1326 4021 multa
1354 3978 1396 4022 ex
1422 3958 1481 4025 Jo-

153 4071 266 4166 scplru
289 4093 407 4166 prope
427 4067 512 4164 ipsis
534 4070 610 4159 ejus
637 4067 753 4138 verbis
780 4083 1003 4164 repetentes,
1032 4069 1172 4140 ‹lirersa
1203 4072 1364 4144 referunt
1391 4101 1480 4145 non-

154 4217 357 4288 nunquam.
377 4195 541 4277 Quorum
565 4191 730 4260 omnium
757 4189 970 4283 dijudicatio
992 4216 1105 4286 quum
1126 4194 1280 4264 multum
1307 4201 1479 4295 temporis

153 4333 184 4384 et
202 4317 267 4386 otii
286 4312 471 4411 postulare
486 4312 681 4398 rideretur,
704 4312 851 4384 feliciter
869 4312 997 4385 accidit
1017 4330 1055 4384 ut
1075 4319 1299 4398 Gumremms
1316 4325 1479 4391 Dmnour

154 4459 214 4528 per
236 4433 373 4504 litteras
397 4432 505 4502 nobis
525 4431 737 4524 significaret
758 4457 795 4502 se
815 4434 990 4527 permulta
1008 4433 1053 4503 de
1078 4436 1239 4532 losepltn
1267 4455 1387 4533 parata
1413 4438 1476 4510 lta·
1543 4415 1548 4423 ⁴

152 4553 235 4626 bere
253 4570 291 4625 et
312 4578 396 4624 eum
424 4554 634 4648 scriptorem
656 4553 792 4648 aliquot
816 4552 977 4624 millibus
1005 4555 1169 4626 locorum
1193 4557 1476 4629 emendatiorem

152 4677 192 4746 ad
219 4703 288 4748 nos
314 4677 520 4746 missurum.
551 4673 588 4744 ld
613 4676 836 4770 exemplum,
867 4675 989 4746 multis
1018 4692 1051 4746 et
1080 4681 1228 4772 egregiis
1258 4679 1476 4750 emendatio-

154 4799 257 4870 nibus
275 4797 432 4894 rulgatae
454 4796 538 4867 inde
556 4795 601 4866 ab
627 4795 802 4867 lludsouo
828 4799 1014 4894 scripturae
1038 4801 1295 4895 conspicuum,
1328 4827 1394 4874 nos
1416 4830 1475 4874 ex·
1569 4834 1576 4848 ·

152 4923 359 4993 cudendum
391 4923 614 5006 curavirnus3
646 4923 720 5017 ipss
747 4935 864 4992 auteur
896 4925 947 4992 rir
976 4922 1232 4994 celeberrimus
1260 4929 1295 4996 iu
1330 4927 1475 5000 alterius

151 5043 347 5113 voluminis
368 5041 572 5136 prulatinne
591 5040 754 5136 pluribus
781 5043 825 5110 dr
843 5044 922 5112 crisi
950 5044 1110 5113 listriana
1132 5064 1298 5138 exponet.

1264 5194 1283 5228 (1
