3859 6084
241 486 277 538 ²²
340 475 445 552 (um.)

717 464 1005 530 ‚tl’xnloaorrlz
1027 471 1124 530 bibl.
1147 473 1181 528 Δ.
1206 470 1296 532 illim.
1318 470 1369 542 ta„

1729 473 1850 551 [asae]
1900 433 1901 521 ί

240 619 289 655 σαν
304 595 350 674 μὲν
361 586 405 654 οῦν
425 598 470 654 τοῦ
483 597 552 656 Θεοῦ
575 590 620 651 καί
634 590 793 670 προσωτέρω
807 596 943 672 χωροῦσαν
956 589 1016 649 ἔλε-
1038 617 1041 628 ·
1062 599 1161 648 enimsi
1175 601 1224 648 Der
1235 599 1308 648 nollet
1316 598 1419 662 obsequi
1427 603 1453 649 et
1462 599 1563 650 ulterius
1576 607 1699 664 pergeret,
1710 604 1852 666 perituram
1901 614 1902 683 j

242 705 285 760 i‘i
300 684 462 753 ἆσσλσῖσθσῑν
474 679 637 750 σσσσῦσσσσθ
646 677 760 750 &fidit
770 679 854 738 σπέσσι
863 678 1018 758 pertusatas
1062 717 1116 753 esse
1126 702 1221 752 dicebat
1236 718 1243 752 :
1261 703 1298 752 siu
1313 709 1377 753 retro
1389 704 1486 766 νεῦσαι,
1496 710 1596 754 matrem
1609 706 1714 757 loturam
1728 708 1797 771 pueri
1823 709 1854 758 in

240 769 340 851 μητέρα
355 770 446 836 παιδὸς
462 774 508 838 τῆς
521 773 569 844 γῆς
587 767 685 839 ἐκείνης
704 766 911 846 βασιλεύσοντος.
947 766 1017 827 Τού-

239 881 291 924 τοις
306 856 435 926 πείθεται,
450 857 494 914 καί
513 856 690 914 ἐπανελθοῦσα
707 853 771 935 πρὸς
786 852 845 919 τοὺς
868 854 1016 930 δεσπότας,

214 975 227 1012 s
241 944 393 1025 συγγνώμης
404 943 488 1024 ἔτυχε.
522 944 613 1004 Τίκτει
630 943 657 1002 δὲ
671 947 728 1022 μετ’
740 945 769 1002 οὑ
783 941 850 1001 πολὺ
861 941 1018 1018 Ἰσμάηλον·

1063 810 1180 858 illaterra
1196 814 1278 872 postes
1294 787 1451 859 dominaturi.
1493 811 1537 860 llis
1550 813 1645 875 proruit,
1659 817 1684 863 et
1700 829 1798 864 reversa
1816 815 1854 864 ad
1902 818 1903 831 ³

1062 911 1279 962 dominosveniam
1291 917 1437 976 consequuta
1456 917 1502 965 est.
1536 922 1628 965 tcnou
1644 919 1721 967 mullo
1733 924 1788 981 post
1808 934 1856 982 pe·

240 1035 374 1093 breuiores
387 1031 418 1091 είν
430 1055 468 1100 τις
482 1030 567 1110 είποι,
577 1031 620 1090 διὸ
631 1031 661 1090 τὸ
675 1033 826 1090 εἰσακοῦσαι
837 1029 881 1089 τὸν
890 1029 959 1090 Θεὸν
973 1032 1020 1101 τῆς
1063 1017 1125 1080 Wi‘
1143 1018 1285 1078 ¹³¹¹¹⁸²¹¹¹ffli
1299 1017 1368 1079 ‘imi
1382 1018 1437 1081 l¹¹¹³
1452 1017 1530 1080 σῑσσίν
1546 1033 1560 1068 σ
1574 1023 1626 1070 ὓσσ
1641 1022 1799 1084 ‘laudium’
1820 1037 1856 1072 σθ

240 1127 453 1290 ἱκεέἰέιξιλῦροίμιρ
465 1207 512 1285 μέν
524 1197 568 1268 οῦν
580 1207 653 1266 ἕκτον
664 1207 714 1279 ἤδη
724 1206 769 1266 καὶ
778 1204 949 1285 ὀγδοηκοστὸν
964 1203 1020 1273 ἔτος

1064 1120 1128 1183 quod
1138 1123 1204 1171 Deus
1213 1135 1295 1184 preces
1305 1121 1359 1183 ejrrs
1370 1121 1515 1172 exaudierat.

1096 1215 1120 1260 5.
1138 1212 1197 1268 lam
1208 1223 1267 1258 uero
1281 1210 1385 1260 Abramb
1407 1216 1502 1260 sextum
1522 1216 1547 1260 cl
1566 1213 1737 1274 octogesimum
1756 1227 1856 1262 anuum

240 1297 355 1377 γεγονότι
372 1302 386 1356 ό
400 1295 587 1376 προειρημένος
601 1295 739 1375 ἐγεννήθη·
754 1297 788 1362 εἷς
802 1294 892 1353 ἔνατον
910 1295 933 1351 δ’
949 1295 1021 1374 αὐτῷ
1064 1297 1142 1357 meno
1153 1301 1269 1348 natusest
1278 1297 1318 1347 ille
1329 1298 1359 1348 de
1370 1312 1419 1361 quo
1429 1299 1543 1348 diximus.
1558 1303 1640 1356 Quum
1651 1307 1733 1350 ιιιιειιι
1743 1317 1854 1365 nonage·
1905 1348 1906 1351 ,

205 1418 227 1456 ιο
240 1388 286 1447 καὶ
299 1383 465 1458 ἐνενηκοστὸν
478 1382 632 1465 παρελθόντι
643 1383 776 1464 ἐπιφανείς
790 1387 804 1441 ὸ
816 1381 884 1448 Θεὸς
893 1381 1021 1460 ἀπήγγει-

240 1479 284 1536 λεν
299 1480 335 1543 ὡς
349 1481 411 1540 παῖς
424 1475 496 1551 αὐτῷ
509 1473 555 1531 καί
569 1476 598 1531 ἐκ
614 1473 720 1553 Σάρρας
733 1469 827 1532 ἔσοιτο.
871 1469 980 1531 Κελεύει
994 1469 1022 1527 ὸέ

242 1566 319 1623 αὑτὸν
340 1561 450 1621 καλέσαι
467 1558 583 1633 Ἴσακον,
605 1562 691 1633 δηλῶν
709 1558 820 1636 ἐσόμενα
837 1557 897 1632 ἐθνη
918 1557 1021 1637 μεγόλα

242 1651 288 1710 ἀπ’
305 1653 383 1710 αὑτοῦ
402 1649 447 1734 καί
463 1649 595 1728 βασιλεῖς,
609 1647 654 1706 καὶ
668 1646 708 1706 ότι
729 1645 927 1724 πολεμήσαντες
944 1643 1021 1703 καθέ-

242 1740 312 1809 ξουσι
325 1738 373 1809 τήν
388 1736 541 1798 Χαναναίαν
557 1733 664 1794 ἅπασαν
677 1734 730 1793 ἀπὸ
743 1735 857 1800 Σιδῶνος
869 1733 961 1813 μέχρις
973 1735 1023 1793 Αί-

205 1859 229 1897 ις
245 1826 353 1907 γύπτου.
375 1823 525 1905 Προσέταξε
537 1822 579 1896 δέ,
594 1822 748 1902 βουλόμενος
759 1823 789 1881 τὸ
800 1821 846 1881 ἐπ’
858 1825 937 1880 αὑτοῦ
950 1820 1024 1900 γένος

243 1916 328 1994 μένειν
342 1915 394 1982 τοῖς
410 1915 496 1978 ἄλλοις
510 1910 547 1989 μή
560 1911 765 1991 συμφυρόμενον,
781 1909 980 1990 περιτέμνεσθαι
989 1905 1023 1965 τὸ

243 2005 345 2076 αἰδοῖα,
358 2000 403 2061 καὶ
416 2007 492 2060 τοῦτο
509 2007 591 2058 ποιεῖν
604 1997 682 2077 ὀγδόῃ
697 1996 784 2080 ἡμέρα
799 1997 868 2075 μετὸι
884 1995 914 2056 τὸ
930 2019 1023 2075 γεννη·

243 2097 329 2162 θῆναι.
370 2088 428 2160 Τήν
444 2088 529 2148 αἰτίαν
547 2088 574 2146 δέ
588 2092 634 2158 τῆς
646 2092 788 2168 περιτομῆς
803 2088 877 2162 ἡμῶν
892 2087 918 2144 ἐν
935 2084 1024 2150 σίλλοις

244 2177 364 2250 δηλώσω.
386 2175 533 2256 Πυθομένῳ
547 2177 574 2234 δέ
589 2175 713 2256 Ἀόροίμῳ
725 2174 770 2233 καί
782 2173 842 2252 περὶ
854 2178 900 2232 τοῦ
910 2173 931 2232 Ἰ
935 2170 1023 2248 σμαή·

204 2291 231 2330 αν
243 2268 290 2324 λου
304 2267 327 2323 εἰ
345 2264 467 2336 ζήσεται,
481 2261 651 2343 πολυχρόνιόν
670 2285 700 2321 τε
724 2259 903 2336 ἀπεσήμαινεν
921 2263 934 2317 ὁ
954 2257 1024 2326 Θεὸς

244 2354 289 2413 καί
303 2353 424 2431 μεγόλων
440 2354 518 2410 ἐθνῶν
535 2349 648 2432 πατέρα.
697 2351 752 2410 liet
763 2347 898 2430 Ἀῦραμος
918 2345 965 2424 μέν
979 2345 1023 2404 ἐπί

1065 1390 1153 1440 uiuum
1167 1403 1257 1439 nonum
1268 1391 1402 1452 attigisset.
1414 1393 1526 1455 apparuit
1536 1393 1558 1441 ei
1571 1396 1649 1453 Deus,
1662 1394 1807 1456 promittens
1822 1397 1856 1444 sr-

1066 1482 1126 1532 lium
1143 1483 1178 1532 illi
1197 1483 1228 1532 de
1245 1486 1314 1534 sarra
1331 1483 1480 1533 nasciturum
1502 1498 1564 1534 esse.
1594 1486 1672 1536 lussit
1692 1491 1857 1538 autemeam

1067 1577 1146 1624 vocari
1154 1578 1257 1634 Isaeum.
1266 1577 1432 1637 praenuncians
1440 1591 1471 1626 ex
1482 1589 1511 1626 eo
1521 1576 1657 1640 proditurus
1664 1585 1856 1642 gentesrnagnas

1066 1668 1092 1716 et
1105 1677 1187 1728 reges,
1198 1667 1240 1729 qui
1254 1666 1343 1715 bellum
1352 1668 1443 1728 gesturi
1452 1681 1548 1719 omnem
1560 1668 1747 1720 cirananruama
1760 1671 1855 1722 stione

1067 1769 1143 1819 ιιαηιιε
1154 1759 1284 1820 egyptum
1292 1763 1445 1820 occuparent.
1464 1761 1581 1822 Praecepit
1590 1765 1687 1819 autem,
1697 1761 1762 1822 quod
1774 1763 1855 1815 nollet

1068 1861 1144 1911 genus
1154 1848 1229 1912 ipsius
1239 1861 1295 1897 enm
1309 1848 1364 1897 eliis
1375 1851 1542 1912 commisceri,
1556 1856 1583 1900 ιιι
1599 1851 1711 1914 μυιΙειιθι
1722 1852 1855 1904 circumci-

1068 1939 1168 2000 derent,
1180 1938 1253 2003 lrlqne
1262 1943 1347 1989 cetero
1358 1939 1397 1990 (lie
1408 1941 1561 1991 anatiritate.
1578 1944 1682 1992 Causam
1691 1957 1748 1994 reru
1759 1949 1856 1998 nostran

1068 2030 1255 2080 circumcisionis
1270 2031 1326 2080 alibi
1340 2031 1474 2082 declarabo.
1507 2034 1647 2084 consulenti
1670 2048 1726 2085 rero
1743 2037 1856 2088 ltlrramn

1068 2121 1140 2172 etiem
1151 2121 1182 2172 de
1191 2122 1305 2182 tunneto,
1314 2135 1345 2170 an
1356 2124 1465 2172 victmus
1475 2128 1551 2184 esset,
1562 2125 1678 2174 indicarit
1689 2130 1755 2176 Deris
1765 2129 1856 2191 inopu-

1068 2225 1127 2262 vum
1138 2212 1188 2262 lore
1198 2219 1271 2275 atque
1285 2227 1424 2275 magnorum
1433 2216 1540 2276 gentium
1560 2220 1691 2278 parentem.
1731 2221 1764 2268 nt
1776 2221 1854 2269 Abra-

1069 2317 1124 2353 mus
1132 2302 1239 2366 quidem.
1248 2307 1403 2367 posteaquam
1411 2306 1442 2354 oln
1452 2307 1561 2356 lraecileo
1568 2309 1656 2368 gratias
1664 2309 1760 2371 egisset,
1768 2311 1854 2360 statim

1068 2397 1225 2446 circumcisus
1241 2399 1291 2458 est,
1303 2401 1328 2446 et
1344 2397 1480 2459 omnesqui
1499 2412 1555 2448 cum
1567 2413 1596 2449 eo
1610 2405 1691 2463 eraut,
1708 2403 1814 2452 siuriliter
1826 2409 1856 2454 et

243 2439 342 2508 τούτοις
363 2437 553 2519 εὐχαριστήσας
569 2441 606 2518 τῷ
627 2437 690 2517 Θεῶ
711 2436 894 2516 περιτέμνεται
916 2459 1024 2514 παραυ-

243 2527 320 2604 τίκα,
331 2527 376 2587 καί
390 2527 486 2593 πάντες
500 2530 523 2584 ol
535 2528 598 2605 παρ’
614 2526 711 2598 αὐτοῦ,
721 2523 766 2582 καί
779 2527 863 2589 θπαῖς
872 2521 1023 2600 Ἰσμάηλος·

244 2607 274 2674 οὑ
286 2619 344 2675 κατ’
353 2615 452 2687 ἐκείνην
461 2614 508 2686 τήν
520 2613 622 2692 ἡμέραν
634 2611 845 2693 τρισκαιδέκατον
856 2609 911 2678 ἔτος
921 2609 1025 2690 ἔχοντος

205 2727 231 2767 ια
245 2704 320 2772 αὐτὸς
334 2703 499 2776 ἐνενηκοστὸν
514 2702 578 2785 πρὸς
591 2710 644 2769 τοῖς
658 2701 731 2761 ἐννέα
747 2703 844 2782 διῆγεν.
913 2741 915 2748 -

554 2841 644 2900 nub.
656 2837 715 2900 1A'.

285 2966 354 3026 Ὑπὸ
366 2966 398 3038 δή
409 2971 499 3026 τοῦτον
507 2965 552 3024 τὸν
564 2965 655 3046 καιρὸν
665 2967 688 3024 ol
701 2963 971 3045 Σοδομῖται,πλούτῳ
979 2963 1026 3023 καί

246 3049 348 3133 μεγέθει
364 3053 509 3134 χρημάτων
525 3057 758 3136 ὑπερφρονοῦντες,
774 3051 809 3118 είς
825 3075 853 3110 τε
877 3051 1026 3132 ἀνθρώπους

246 3133 312 3214 ἦσαν
332 3141 451 3219 ὑόρισταὶ
465 3141 510 3199 καλ
529 3141 592 3219 πρὸς
613 3140 643 3198 τὸ
658 3145 723 3198 θεῖον
739 3137 855 3209 οίσεῦεῖς,
876 3141 911 3206 όις
930 3139 1026 3215 μηκέτι

248 3233 395 3308 μεμνῆσθαι
407 3233 457 3288 τῶν
472 3230 534 3310 παρ’
549 3231 628 3287 αὐτοῦ
642 3226 786 3305 γενομένων
800 3228 943 3308 ὠφελειῶν,
960 3217 1027 3285 εἶναί

1069 2501 1129 2551 puer
1144 2488 1259 2538 ismaelus
1273 2503 1280 2536 ι
1293 2501 1342 2552 quo
1356 2487 1409 2549 die,
1426 2490 1466 2539 ilio
1478 2490 1508 2542 ad
1519 2491 1639 2542 decimum
1652 2495 1751 2544 tertium
1769 2498 1855 2546 utatis

1069 2595 1158 2631 annum
1174 2583 1339 2646 perveniente,
1356 2582 1407 2645 ipse
1426 2597 1519 2634 nonum
1535 2585 1621 2648 agebat
1636 2600 1708 2651 snpra
1724 2592 1854 2652 nonagesi-

1070 2687 1146 2725 mum.

1339 2821 1583 2902 creaturus

1100 2971 1147 3020 l’er
1157 2969 1221 3020 idern
1229 2969 1301 3032 igitur
1310 2971 1406 3034 tempus
1416 2972 1560 3036 Sodomitu,
1571 2976 1657 3061 opibus
1672 2979 1698 3028 et
1710 2992 1793 3041 magna
1805 2995 1851 3044 pc·

1070 3058 1194 3108 ceniarum
1210 3061 1234 3107 ri
1244 3059 1390 3120 elati‚et'iu
1400 3061 1508 3112 homiues
1524 3066 1691 3116 contumeliosi
1708 3069 1855 3122 exstiterunt

1070 3147 1097 3195 et
1108 3147 1220 3209 religione
1230 3149 1253 3196 in
1266 3162 1355 3197 numen
1367 3150 1451 3210 raeiri,
1462 3150 1521 3200 adeo
1538 3159 1566 3202 ut
1579 3153 1748 3206 beneficiorum
1760 3159 1855 3221 abipso

1070 3239 1224 3298 acceptorum*
1233 3237 1303 3300 plane
1313 3238 1467 3287 immemores
1482 3245 1575 3303 essent,
1585 3241 1695 3304 trospites
1711 3243 1767 3292 orlio
1779 3247 1854 3296 lrabe-

210 3337 237 3376 συ
247 3341 274 3376 τι
290 3317 430 3396 μισόξενοι,
444 3316 489 3375 καί
498 3316 545 3384 τὸς
555 3316 618 3396 πρὸς
629 3315 723 3383 ἄλλους
733 3315 837 3392 ὁμιλίας
846 3313 1026 3394 ἐκτρέπεσθαι.
1070 3327 1124 3374 rent
1136 3329 1161 3373 et
1176 3324 1372 3374 consuetudinem
1383 3339 1439 3375 cum
1453 3326 1506 3375 aliis
1518 3327 1689 3379 detrectarent.
1723 3333 1766 3382 llis
1779 3334 1856 3395 igitur

247 3406 407 3477 Χαλεπήνας
417 3397 460 3464 οὑν
474 3405 516 3464 ἐπὶ
525 3404 648 3472 τούτοιςθ
662 3403 729 3470 Θεὸς
746 3403 813 3480 ἔγνω
822 3401 1024 3482 τιμωρήσασθαι
1070 3411 1142 3462 rebus
1154 3412 1332 3462 ollensuslleus
1348 3413 1455 3464 decrerit
1466 3415 1600 3466 insolentiae
1612 3431 1695 3480 pmrras
1705 3420 1737 3468 alr
1751 3421 1797 3470 illis
1814 3437 1854 3474 re-

248 3499 292 3564 τῆς
306 3493 483 3573 ὑπερηφανίας
497 3492 601 3563 αὑτοὺς,
619 3493 663 3552 καλ
678 3491 726 3563 τήν
743 3515 771 3550 τι
787 3490 863 3550 πολιν
876 3493 961 3549 αὑτῶν
977 3513 1025 3549 κα·
1052 3533 1055 3539 2
1071 3503 1164 3564 peiere,
1179 3503 1204 3550 et
1215 3515 1262 3549 non
1280 3502 1358 3549 solum
1369 3503 1452 3551 urbem
1469 3516 1553 3552 eornm
1570 3511 1691 3568 evertere,
1709 3509 1750 3558 seri
1761 3514 1785 3558 et
1797 3524 1855 3562 eam

247 3581 455 3662 ταπρέψωθας,
465 3580 510 3640 καὶ
520 3584 569 3652 τήν
579 3581 668 3661 χώραν
676 3579 755 3648 οὕτως
766 3578 903 3661 ἀφανίσαι,
911 3581 946 3646 ιὺς
958 3578 1025 3656 μήτε
1070 3589 1159 3650 regioni
1171 3588 1308 3638 vastitatem
1318 3589 1419 3650 inferre,
1436 3593 1463 3640 ut
1476 3605 1522 3642 nec
1530 3593 1634 3656 amplius
1647 3596 1737 3658 plautas
1749 3611 1792 3648 nec
1804 3599 1855 3648 im·

249 3669 327 3752 φυτὸν
341 3669 379 3727 ἔτι
401 3668 469 3749 μήτε
492 3669 591 3748 καρπὸν
608 3669 695 3750 ἕτερον
715 3668 741 3738 ἐξ
760 3669 840 3740 αὐτῆς
860 3669 1025 3739 ἀναδοθῆναι.
1070 3682 1136 3726 ctum
1148 3678 1222 3727 aliunr
1234 3679 1309 3729 ultum
1321 3677 1410 3728 ederet.

210 3775 235 3814 cn
290 3755 323 3836 β’.
345 3761 370 3818 'l'
372 3763 438 3815 αῦτα
448 3763 492 3816 τοῦ
506 3761 576 3820 Θεοῦ
587 3757 719 3838 κρίναντος
730 3756 790 3838 περὶ
805 3759 856 3814 τῶν
866 3757 1026 3832 Σοδομιτῶν,
1102 3766 1856 3834 t,Quumquelraecnerrsdesodomitlsrlecrerisset,Abramus

248 3842 620 3924 ’λύραμοιθεασᾶμενοςτρεῑς
632 3845 755 3924 ἀγγέλους
769 3843 912 3922 (ἐκαθέζετο
923 3843 950 3902 δὲ
963 3844 1027 3922 πρὸς
1070 3867 1222 3929 conspicatus
1239 3870 1289 3917 ινα
1300 3867 1520 3930 argumentetur
1534 3873 1597 3921 ωιω
1609 3873 1639 3922 σα
1657 3874 1854 3930 tricensimum

249 3931 399 4014 σῇδθσῗσῇ
419 3931 539 4012 wigii
553 3933 671 4012 παθὰσῦ
693 3932 757 4014 θύθθ
775 3936 821 4002 τῆς
837 3934 914 3990 αὐτοῦ
930 3933 1024 4005 αὐλῆς)
1071 3967 1215 4029 proloribus
1224 3967 1339 4021 domicilii
1348 3969 1586 4032 mitratusqueessc
1596 3972 1715 4036 hospites,
1725 3987 1855 4038 assurgens

249 4014 1026 4100 καὶνομίσαςείναιξένους,ἠσπάσατότεάναστὸςκαλπαρ*
1071 4069 1186 4119 “latuit
1200 4083 1241 4120 m
1266 4069 1491 4120 “meadum
1501 4071 1854 4142 mgnbmmwmipwhoepi·

250 4114 321 4189 αὐτῷ
331 4107 506 4188 καταχθέντας
516 4112 659 4191 παρεκάλει
670 4107 758 4178 ξενίων
769 4107 936 4186 μεταλαῦεῑν.
949 4107 1027 4169 ’Eas
1249 4105 1257 4130 '
1786 4131 1791 4142 ·

210 4221 238 4260 ιυ
249 4199 393 4258 νευσοίντυιν
407 4197 450 4269 δέ,
473 4196 565 4276 ἄρτους
589 4221 617 4256 τι
639 4195 795 4277 προσέταξεν
810 4195 883 4262 εὐθὺς
899 4199 928 4255 ἐκ
951 4221 1025 4275 σεμι·

250 4288 347 4354 δέλτοις
355 4285 489 4364 γενέσθαι,
501 4287 546 4344 καί
556 4285 654 4365 μόσχον
668 4285 746 4352 θύσας
757 4284 802 4344 καὶ
816 4285 933 4356 ὀπτήσας
943 4286 1028 4361 ἐκόμι-

253 4399 294 4434 σεν
315 4376 401 4442 αὐτοῖς
415 4374 465 4432 ὑπὸ
483 4379 515 4454 τῇ
537 4369 594 4454 δρυί
608 4372 812 4450 κατακειμένοις.
854 4371 937 4448 Olli
952 4373 1026 4442 δόξαν

251 4465 322 4544 αὐτῷ
331 4462 464 4544 παρέσχον
477 4463 620 4534 ἐσθιόντων,
634 4461 671 4520 ἐτι
684 4485 712 4520 τε
727 4460 771 4519 καλ
783 4460 895 4541 περὶτῆς
909 4463 1028 4539 γυναικὸς

250 4549 420 4610 ἐπυνθάνοντο
433 4551 479 4611 ποῖ
489 4551 546 4610 ποτ’
558 4549 598 4621 εἴη
610 4549 776 4628 τυγχάνουσα
790 4554 807 4620 ἡ
823 4548 923 4629 Σάρρα.
972 4553 1027 4609 Τοῦ

212 4655 237 4692 ιι
253 4635 279 4695 δέ
294 4637 407 4704 εἰπόντος
416 4637 488 4696 ἔνδον
497 4629 577 4710 εἶναι,
586 4635 656 4708 ἥξειν
670 4635 813 4717 ἔφασανεῖς
824 4635 853 4693 τὸ
866 4628 1028 4710 pallenensi

250 4723 368 4804 εὑρήσειν
381 4723 462 4786 αὑτὸν
475 4726 525 4796 ήδη
542 4723 642 4805 μητέρα
655 4721 840 4802 γεγενημένην.
858 4726 914 4794 Τῆς
932 4723 959 4780 δέ
973 4747 1028 4802 γυ-

1072 4171 1133 4223 tium
1144 4172 1256 4220 laoerent.
1289 4171 1340 4220 illis
1355 4184 1414 4221 reru
1422 4173 1596 4234 annuentibus,
1603 4175 1676 4236 jussit
1686 4190 1761 4238 {noes
1770 4179 1854 4231 statim

1072 4270 1122 4321 lieri
1137 4285 1166 4320 ea
1175 4271 1250 4320 larlrta
1263 4270 1384 4333 siligineo,
1400 4271 1553 4335 vitulumque
1564 4277 1696 4325 mactatum
1706 4279 1731 4325 et
1745 4281 1854 4330 assatum

1071 4371 1118 4422 sub
1126 4372 1180 4422 ilice
1191 4371 1397 4422 discumbentibus
1408 4374 1527 4438 apposuit.
1560 4379 1592 4425 At
1602 4376 1636 4425 illi
1648 4391 1698 4440 prae
1709 4392 1735 4429 se
1746 4380 1854 4430 tullerunt

1072 4472 1140 4534 quasi
1152 4471 1317 4530 σοιαεθεεσιιις
1329 4470 1395 4521 etsie
1406 4473 1741 4540 rrxoreetianrlnquirebaut,
1755 4479 1854 4530 ubinam

1072 4577 1137 4622 esset
1145 4576 1224 4622 sarra.
1233 4573 1278 4622 lllo
1286 4573 1404 4623 referente
1413 4573 1479 4623 intus
1488 4587 1540 4624 cem
1550 4576 1854 4641 eese‚aiuntseaiir1uanto

1072 4677 1127 4736 post
1137 4687 1291 4733 reversuros,
1309 4687 1411 4736 eamque
1428 4675 1569 4725 inventuros
1578 4677 1628 4738 jam
1641 4681 1740 4727 matrem
1757 4681 1852 4732 luctam.

1073 4777 1100 4823 ln
1113 4775 1159 4824 lroc
1170 4787 1228 4824 τετυ
1238 4773 1376 4825 subridente
1387 4777 1504 4838 muliere,
1515 4781 1541 4827 et
1549 4777 1644 4828 dicento
1658 4779 1709 4830 ueri
1724 4795 1770 4830 nou
1782 4795 1853 4844 posse

1072 4879 1100 4924 ul
1111 4873 1198 4924 liberos
1206 4876 1324 4937 gigneret,
1336 4890 1413 4938 orrum
1428 4877 1480 4939 ipsu
1497 4879 1653 4940 nonagenaria
1663 4883 1740 4942 esset,
1752 4881 1852 4932 maritus

1073 4980 1131 5016 rero
1143 4968 1300 5017 centesimum
1309 4981 1398 5017 annum
1411 4973 1505 5031 ageret,
1518 4985 1566 5020 nun
1577 4972 1742 5022 sustinuerunt
1750 4977 1852 5037 amplius

250 4811 337 4878 ναικὸς
357 4813 383 4869 ἐν
404 4811 487 4893 τούτῳ
508 4811 678 4889 μειὸιασοίσης
697 4811 742 4870 καλ
757 4809 883 4870 ἀδύνατον
896 4801 961 4869 εἶναι
981 4810 1028 4882 τήν

251 4897 412 4956 τεκνοποιίαν
424 4897 558 4972 εἰπούσης,
573 4902 652 4971 αὑτῆς
667 4897 714 4974 μέν
728 4897 879 4969 ἐνενήκοντα
892 4897 937 4969 ἔτη
952 4898 1027 4977 ἐχού-

252 5009 312 5057 σης,
325 4990 370 5044 τοῦ
385 4971 412 5042 δέ
426 4985 517 5066 ἀνδρὸς
531 4987 632 5058 ἐκατὸν,
646 4985 731 5046 οὐκέτι
746 4986 873 5066 κατέσχον
883 4987 1029 5044 λανθοίνον-

213 5091 240 5130 ιο
252 5095 306 5143 τες,
321 5073 378 5130 ἀλλ’
392 5073 524 5148 ἐμήνυσαν
539 5073 643 5140 ἑαυτοὸς
656 5074 730 5140 όντας
745 5073 868 5150 ἀγγέλους
882 5080 926 5132 τοῦ
941 5077 1029 5146 Θεοῦ,

253 5160 298 5218 καλ
311 5159 350 5218 ὅτι
361 5160 491 5241 πεμφθείη
504 5160 551 5237 μὲν
568 5165 582 5219 θ
602 5154 637 5228 εἶς
652 5164 776 5240 σημανῶν
790 5160 908 5242 περὶτοῦ
922 5163 1028 5240 παιδὸς,
1073 5173 1137 5220 esset
1155 5183 1218 5221 rmus
1228 5171 1325 5232 quidem
1336 5173 1476 5222 nunciatum
1486 5172 1515 5224 de
1529 5174 1592 5234 lulio,
1608 5175 1724 5227 onorem
1739 5177 1770 5227 ml
1781 5179 1851 5228 sorio·

1074 5069 1201 5130 simulare,
1211 5070 1252 5118 sed
1263 5069 1317 5120 lassi
1327 5073 1384 5120 sunt
1393 5085 1419 5120 re
1428 5072 1471 5120 Dei
1481 5075 1636 5136 esseangelos
1643 5113 1650 5135 ,
1657 5078 1682 5125 et
1692 5076 1756 5139 quod
1764 5078 1852 5131 urissus

254 5247 299 5306 δύο
311 5246 338 5306 δέ
350 5248 494 5325 Σοδομίτας
505 5251 752 5328 καταστρεψόμενοι.
1074 5271 1144 5319 mn„
1153 5271 1299 5321 mmm
