3859 6084
263 525 319 576 ιιι
361 513 487 595 (osor.)
737 507 1023 569 ιοκιιοιοιικκ
1043 507 1137 566 oros.
1158 509 1188 566 z.
1211 509 1301 568 seo.
1323 509 1368 568 ιιι.
1721 509 1842 587 [ωσι]

260 643 304 703 καὶ
325 640 440 722 συνάψας
457 639 545 718 μάχην
565 639 650 702 αὺτοῖς
669 637 714 696 καὶ
733 636 891 718 τρεψάμενος
914 634 1029 714 ἐμονώθη
1073 655 1194 716 qonmeos
1205 643 1229 692 in
1238 643 1317 705 togam
1324 644 1443 703 vertisset,
1451 643 1476 692 in
1486 644 1666 706 persequutione
1676 646 1742 695 soios
1752 645 1848 696 relictus

259 731 367 789 διώκων.
408 727 462 788 Καὶ
475 724 609 803 γενόμενος
626 725 730 792 ἔκλυτος
750 722 823 806 ὤφθη
842 724 893 782 ὑπό
901 747 968 789 τινος
978 726 1029 780 τῶν
1073 733 1119 780 est.
1151 733 1279 793 Quumque
1297 730 1437 793 defatigatus
1450 732 1527 792 esset,
1546 731 1647 781 tortesb
1660 746 1710 781 nno
1726 747 1755 782 ex
1773 734 1850 783 trosti·

257 815 399 893 πολεμίων,
411 812 544 890 Ἀκμωνος
555 811 601 890 μὲν
618 811 744 890 τοῦνομα,
761 811 871 890 Ἀράφου
885 808 912 868 δὲ
928 808 1029 874 παιδός.
1076 818 1138 867 tibus
1153 823 1294 880 conspectos
1310 823 1361 879 est,
1380 819 1475 867 nornine
1494 819 1591 880 quidem
1609 824 1729 879 temone,
1745 823 1847 882 trsptno

260 895 342 971 θύτας
358 895 388 974 ἦν
413 899 460 979 μὲν
481 901 526 959 καὶ
548 899 672 978 ἀπόγονος
687 902 739 958 τῶν
754 897 893 977 γιγάντων·
915 897 982 976 ἔχων
1004 893 1031 952 δὲ
1076 904 1199 953 νειοίίΙίο.
1231 907 1261 954 Et
1272 904 1417 967 triconidem
1429 908 1480 954 εισι
1497 905 1528 954 do
1544 919 1628 967 genere
1645 906 1787 966 Gigantum
1800 908 1849 956 ian-

233 1014 246 1052 ιι
258 990 303 1050 καὶ
313 989 413 1062 ξυστὸν,
427 979 509 1059 οὔτ’-ὸν
519 985 603 1057 λαόήν
610 984 739 1045 συνέλκειν
748 983 861 1060 σταθμὸν
872 983 1030 1063 τριακοσίους
1075 1003 1140 1039 oenrn
1150 994 1230 1040 sotem
1239 1006 1337 1053 gerens,
1347 993 1416 1053 oojos
1425 993 1576 1041 manubrium
1586 998 1703 1043 trecentos
1713 996 1785 1042 sioios
1796 1009 1850 1056 pen

258 1077 360 1143 σίκλους
367 1122 376 1154 ,
391 1075 435 1134 καὶ
449 1073 555 1156 θώρακα
566 1072 723 1132 ἁλυσιδωτὸν
733 1072 778 1130 καὶ
793 1071 930 1154 ῥομφαίαν,
942 1068 1032 1149 ὥρμη·
1076 1076 1159 1138 denso,
1171 1084 1243 1140 atquo
1255 1081 1374 1129 thoracem
1384 1083 1520 1128 catenatum
1529 1085 1554 1129 et
1565 1080 1683 1141 godium,
1693 1094 1706 1129 e
1711 1081 1784 1141 suno
1792 1096 1849 1130 oon-

259 1187 302 1223 σεν
315 1161 482 1244 ἐπιστραφεὶς
498 1165 532 1228 ὡς
545 1159 702 1219 ἀποκτείνων
716 1160 759 1218 τὸν
768 1165 819 1218 τῶν
835 1158 965 1234 πολεμίοιν
983 1162 1032 1234 βα-
1075 1177 1159 1215 versus
1178 1165 1202 1214 in
1220 1179 1276 1214 enm
1292 1166 1374 1227 irrrrit,
1393 1173 1472 1216 ιιειιυο
1487 1168 1595 1217 occidero
1613 1169 1718 1218 nostium
1742 1183 1823 1229 regem
1841 1186 1848 1216 ε

258 1251 341 1310 σιλία·
365 1257 474 1330 παρεῖτο
496 1246 549 1328 γάρ
569 1249 619 1306 ὑπὸ
638 1253 683 1306 τοῦ
702 1247 794 1307 κόπου.
838 1244 988 1324 Ἐπιφοινείς
1008 1244 1030 1300 δ’
1075 1265 1131 1300 nom
1143 1266 1193 1315 prro
1205 1253 1343 1303 lassitudine
1352 1268 1422 1316 poene
1434 1255 1569 1304 torisoensr.
1603 1257 1848 1306 Attbessaeostonbi

259 1338 377 1419 ἐξαίφνης
396 1337 577 1402 Ἀύεσσαῒοςό
599 1333 710 1395 Ἰωάδου
735 1334 842 1415 ἀδελφὸς
856 1333 900 1392 τὸν
921 1329 1030 1412 βασιλέα
1075 1339 1155 1399 trater,
1172 1340 1213 1402 qni
1231 1339 1359 1403 derepente
1376 1343 1498 1404 apparuit,
1517 1356 1596 1402 regern
1617 1343 1713 1405 qrririom
1731 1345 1849 1406 jacentem

222 1446 245 1486 ro
258 1425 304 1504 μὲν
326 1423 488 1505 ὑπερήσπισε
513 1421 623 1502 περιδὸς
642 1421 770 1500 κείμενον,
789 1419 923 1480 ἀπέκτεινε
944 1419 971 1478 δὲ
989 1419 1032 1476 τὸν
1076 1428 1194 1488 protexit,
1207 1427 1300 1476 hostem
1312 1428 1502 1479 verointerieoit.
1536 1433 1604 1490 ἢτοι
1618 1435 1699 1480 mrtem
1709 1432 1766 1482 tutit
1775 1446 1847 1494 popn·

257 1511 391 1588 πολέμιον.
432 1506 548 1585 Ἤνεγκε
562 1511 585 1566 δ’
604 1508 647 1568 ἐπὶ
660 1513 697 1590 τῷ
710 1507 773 1586 παρ’
793 1508 878 1584 ὀλίγον
898 1508 1032 1566 κινδυνεῦ-
1076 1514 1113 1563 ios
1124 1515 1187 1576 qnod
1199 1529 1240 1564 rex
1250 1529 1333 1577 parurn
1347 1517 1449 1566 abfuerit
1462 1519 1519 1580 quin
1529 1518 1655 1568 discrimen
1668 1518 1849 1569 sdieritzenm·

258 1623 302 1656 σαι
317 1599 359 1656 τὸν
377 1594 486 1676 βασιλέα
500 1596 662 1675 χαλεπῶςτὸ
676 1597 783 1667 πλῆθος.
825 1595 879 1656 Καὶ
896 1597 920 1654 οἵ
933 1594 1032 1673 ήγεμό-
1075 1602 1281 1664 qrrejnrejorsndo
1289 1598 1468 1653 obstrinxerunt
1485 1606 1602 1669 principes
1618 1621 1665 1654 oon
1677 1607 1764 1657 iterum
1774 1622 1848 1670 egros·

258 1711 297 1752 νες
310 1685 435 1764 ὥρκωσαν
459 1684 536 1742 αὐτὸν
551 1682 644 1760 μηκέτι
664 1685 699 1750 είς
714 1684 802 1762 μάχην
822 1685 971 1754 ἀπαντῆσαι
985 1680 1030 1740 σὸν
1076 1702 1159 1738 sorum
1172 1703 1226 1739 esse
1240 1704 1322 1740 secum
1339 1692 1364 1740 in
1376 1692 1498 1753 praetium,
1515 1705 1559 1754 ne,
1570 1693 1589 1741 si
1608 1707 1637 1742 ex
1652 1694 1790 1744 tortitudine
1805 1709 1849 1757 po·

258 1773 362 1846 αύτοῖς,
379 1770 415 1847 μή
433 1771 465 1828 δι’
479 1770 597 1851 ἀνδρείαν
611 1769 657 1828 καὶ
675 1768 820 1849 προθυμίαν
839 1768 928 1826 παθών
941 1792 967 1825 τι
980 1772 1031 1825 τῶν
1074 1775 1210 1839 gnanrliqoe
1228 1776 1312 1827 ardore
1330 1779 1386 1827 moti
1405 1779 1494 1842 siiqniri
1521 1779 1636 1840 gravioris
1655 1793 1741 1844 pessos
1763 1783 1848 1842 inerit,

221 1870 244 1907 15
258 1859 347 1914 δεινῶν
360 1857 472 1938 στερήσῃ
485 1857 528 1915 τὸν
542 1856 605 1916 λαὸν
618 1861 669 1914 τῶν
683 1857 714 1914 δι’
726 1854 801 1914 αὐτὸν
816 1858 928 1932 ἀγαθῶν,
940 1853 989 1912 ὅσα
1003 1877 1030 1911 τε
1075 1863 1154 1912 omnin
1165 1863 1196 1913 ab
1211 1863 1264 1925 ipso
1280 1865 1400 1914 monentis
1417 1866 1506 1928 popnin
1523 1867 1626 1928 perirent
1642 1871 1667 1916 et
1681 1868 1848 1918 interciderent

257 1944 307 2014 ήδη
322 1943 472 2024 παρέσχηκε
485 1943 530 2002 καί
541 1937 608 2003 ὅσων
626 1944 664 2003 ἔτι
678 1943 810 2022 μεθέξουσι
824 1941 905 2001 πολύν
920 1941 1032 2020 βιώσαν-
1075 1950 1202 2011 mnenon,
1216 1965 1263 2000 non
1281 1952 1359 2001 sotorn
1370 1965 1424 2014 ηοω
1438 1952 1468 2001 ού
1485 1967 1515 2002 eo
1528 1953 1577 2014 ism
1596 1959 1748 2016 acceperant,
1765 1956 1809 2004 seri
1825 1963 1848 2004 et

257 2054 299 2098 τος
312 2032 412 2111 χρόνον.
1075 2051 1132 2100 qore
1140 2039 1189 2088 viis
1201 2039 1276 2100 ipsius
1286 2039 1379 2101 longios
1387 2041 1503 2103 products
1515 2048 1585 2102 porro
1598 2043 1717 2104 recepturi
1728 2051 1816 2093 essent.

299 2117 332 2197 β’.
354 2119 532 2179 Συνελθόντων
548 2118 577 2176 δὲ
596 2121 647 2176 τῶν
662 2117 845 2180 Παλαιστίνων
860 2119 895 2182 οἷς
910 2115 1031 2194 Γαζάραν
1107 2132 1130 2175 t.
1145 2126 1278 2176 Potoestirris
1297 2132 1378 2176 entem
1398 2128 1428 2177 nri
1449 2127 1533 2178 urbem
1554 2133 1668 2178 Gnmmm
1690 2132 1848 2191 corrgrepstis,

257 2204 342 2278 πόλιν,
354 2205 466 2273 οἰκούσας
483 2211 497 2264 δ
512 2203 633 2285 βασιλεὺς
646 2204 761 2286 ἔπεμψεν
783 2205 823 2262 ἐπ’
843 2203 934 2270 αὐτούς
953 2227 1030 2283 στρα-
1076 2226 1131 2272 rex,
1142 2227 1217 2275 quum
1228 2213 1383 2276 primumiroo
1392 2215 1516 2276 cognovit,
1527 2217 1656 2265 exercitum
1666 2218 1690 2265 in
1700 2219 1765 2278 ipsos
1777 2231 1847 2280 erpe-

219 2293 324 2354 werin.
366 2292 518 2374 Ἠρίστευσε
542 2291 570 2351 δὲ
589 2293 648 2351 τότε
674 2291 719 2350 καὶ
735 2292 835 2373 σφόδρα
856 2290 1031 2366 ηὐδοκίμησεν
1076 2301 1145 2349 dirit.
1177 2306 1207 2350 At
1222 2303 1281 2351 tuno
1289 2301 1385 2364 quidem
1402 2303 1567 2354 strenuissime
1582 2303 1704 2354 dimicarit
1716 2308 1742 2354 et
1754 2306 1847 2354 tandem

258 2380 427 2462 Σούάκχηςδ
444 2382 584 2452 Χετταῖος,
599 2373 634 2448 εἷς
647 2384 698 2439 τῶν
710 2379 770 2461 περί
786 2377 901 2450 Δαυίδην
916 2380 1033 2458 ἀνδρειο-
1076 2387 1215 2451 praeoiorrm
1231 2389 1331 2452 adeptos
1346 2397 1384 2440 est
1392 2391 1526 2440 Sobaoohcs
1537 2391 1673 2452 chettaeos,
1691 2407 1754 2442 unns
1774 2407 1803 2442 ex
1817 2394 1844 2442 iis

250 2467 352 2544 τόσων.
394 2467 539 2527 ’ἀπέκτεινε
551 2467 601 2550 γάρ
616 2466 726 2534 πολλοὺς
738 2471 789 2525 τῶν
804 2463 951 2545 αὐχούντων
965 2487 1032 2544 προ·
1076 2487 1136 2537 qnos
1146 2475 1287 2526 fortissimos
1299 2474 1383 2525 hnboit
1393 2477 1506 2527 Derides.
1538 2480 1694 2528 Nemeorum
1709 2481 1847 2529 muitosoo·

257 2553 411 2634 γόνουςτοὸς
420 2555 542 2634 γίγαντας
551 2555 596 2614 καί
610 2553 731 2632 μέγα·έπ’
745 2552 849 2635 ἀνδρείᾳ
864 2551 1032 2634 φρονούντων,
1077 2561 1182 2624 oiditqui
1191 2575 1217 2611 se
1226 2576 1256 2613 ex
1263 2563 1406 2625 Gigantibus
1413 2565 1715 2627 ortosessegioriabeotor‚
1724 2570 1847 2630 etproptcr

257 2641 338 2710 αίτιός
355 2666 384 2701 τε
395 2647 440 2714 τῆς
454 2643 526 2714 νίκης
539 2646 591 2710 τοῖς
607 2641 740 2723 Ἑύραίοις
754 2641 862 2720 ἐγένετο.
907 2641 960 2701 Καὶ
975 2643 1031 2716 μετ’
1077 2647 1237 2699 tortitudinem
1249 2649 1373 2712 magnifice
1386 2651 1612 2712 desesontiehant,
1626 2653 1751 2716 etiedtqoe
1765 2656 1846 2704 otiie-

219 2745 246 2783 κο
260 2730 359 2802 ἐκείνην
376 2730 423 2799 τήν
435 2722 515 2802 ἧτταν
528 2729 605 2788 πάλιν
621 2729 786 2806 ἐπολέμησαν
807 2731 830 2786 oi
848 2729 1030 2787 Παλαιστῖνοι.
1076 2736 1135 2786 braei
1153 2737 1285 2798 superiores
1303 2737 1461 2789 discederent.
1493 2743 1571 2801 Atque
1587 2743 1644 2802 post
1664 2741 1758 2791 eisdem
1779 2743 1846 2791 istsm

259 2817 314 2878 Καί
334 2816 458 2899 στρατιὸιν
481 2817 521 2874 ἀπ’
544 2817 634 2885 αὐτούς
659 2815 772 2876 Δαυΐδου
792 2814 955 2894 πέμψαντος,
976 2815 1034 2895 ήρί-
1076 2826 1196 2885 πατρίκιοι
1207 2823 1327 2873 ΡοΙευειίιιί
1338 2825 1426 2874 beflom
1436 2825 1635 2887 mnntmrarunn
1644 2840 1672 2876 so
1690 2828 1764 2877 misso
1775 2829 1799 2877 in
1807 2840 1846 2876 eos

259 2927 351 2964 στευσε
378 2904 494 2984 Νεφάνος
517 2908 531 2962 δ
553 2905 677 2984 συγγενής
700 2906 787 2962 αὐτοῦ.
838 2903 1033 2982 Μονομαχήοας
1076 2910 1844 2977 enormeexerennsoenoesegessitnepnsnos,ipnosmgna·

257 2991 309 3072 γάρ
323 2989 478 3069 τῷπάντων
497 2991 670 3071 ἀνδρειοτάτῳ
695 2995 747 3050 τῶν
765 2990 949 3052 Παλαιστίνων
970 2989 1034 3048 άπέ·
1077 3002 1124 3046 ms.
1137 2998 1322 3059 stngutartenim
1330 3000 1459 3049 eertomine
1467 3014 1524 3050 cnm
1534 3001 1663 3050 fortissimo
1671 3003 1845 3052 Ρὼεῑίιιοιυιι

257 3101 356 3137 -κτεινεν
368 3077 456 3150 αύτὸν,
470 3077 583 3144 καὶτοὺς
594 3078 687 3145 ἀλλους
700 3080 734 3144 εἰς
750 3075 833 3158 φυγήν
848 3075 953 3157 ἔτρεψε,
966 3078 1032 3135 πολ·
1077 3097 1228 3145 congressos.
1241 3086 1319 3147 ipsum
1329 3085 1463 3147 interemit,
1472 3092 1498 3136 et
1509 3089 1684 3151 retiqnosiergs
1692 3089 1750 3139 mre
1760 3090 1845 3150 coegit,

221 3165 302 3224 ιολοί
322 3187 351 3223 τε
374 3166 458 3222 αὐτῶν
478 3165 604 3224 ἀπίθανον
628 3165 782 3243 μαχόμενοι.
823 3163 991 3229 Διαλιπόντες
1011 3165 1034 3221 δ’
1077 3173 1207 3234 etpiorimi
1220 3185 1303 3222 eornm
1324 3173 1348 3222 in
1365 3174 1569 3224 coieceririernnt.
1602 3178 1651 3226 Nec
1665 3176 1734 3238 longo
1748 3178 1846 3240 postin-

256 3250 440 3334 ’δλίγονχρόνον
448 3250 683 3330 ἐστρατοπέδευσαν
693 3251 757 3332 πρὸς
766 3256 798 3330 τῇ
808 3251 890 3332 Γίττογ
898 3250 972 3308 πόλει
983 3253 1034 3308 τῶν
1077 3258 1177 3308 terreno
1196 3263 1273 3308 castra
1288 3261 1370 3309 metiti
1387 3265 1444 3310 sont
1461 3261 1492 3310 nri
1510 3262 1595 3312 urbem
1610 3263 1713 3324 Gittsm,
1729 3279 1785 3326 ηοω
1802 3279 1846 3313 noo

260 3340 326 3420 ὅρων
341 3344 386 3412 τῆς
400 3337 808 3419 Ἑύραίωνχώραςοῦκάπωθεν.
850 3329 1035 3403 ’Ἦνδάὖτοῖς
1077 3345 1146 3405 longe
1161 3346 1273 3396 stipibus
1289 3347 1444 3397 Hebrnorum
1456 3349 1559 3410 regionis
1572 3349 1682 3400 oisnnar.
1715 3353 1845 3402 Habebunt·

259 3427 327 3509 ’ἀνὴρ
337 3427 368 3486 τὸ
388 3424 435 3505 μὸν
450 3425 514 3506 ύψος
525 3425 552 3495 ii
571 3429 674 3506 πηχῶν,
688 3425 829 3492 δακτύλους
849 3426 871 3483 δ’
885 3428 911 3482 ἐν
923 3423 1000 3482 ἑκατί
1017 3448 1034 3503 ογ
1077 3447 1124 3496 qne
1133 3447 1214 3484 seeum
1226 3435 1347 3485 hominem
1357 3449 1400 3485 sex
1408 3435 1502 3486 cubitos
1514 3437 1603 3496 sitnm,
1615 3439 1654 3487 oni
1668 3439 1740 3489 etism
1750 3441 1774 3488 in
1786 3442 1846 3489 otro·

260 3517 311 3574 τῶν
333 3513 433 3594 βάσεων
453 3512 568 3572 καὶτῶν
589 3516 684 3592 χειρῶν
698 3511 737 3570 ἑνὶ
760 3509 956 3591 περισσοτέρους
979 3448 1034 3588 σήμ
1077 3535 1125 3582 qne
1139 3521 1199 3584 pede
1215 3526 1240 3571 et
1257 3525 1358 3584 ntrrqoe
1378 3535 1451 3572 monn
1470 3523 1537 3586 digiti
1548 3528 1614 3573 ersnt
1627 3539 1675 3574 υυο
1687 3525 1767 3588 ptores
1779 3539 1845 3590 qnam

221 3615 247 3655 to
261 3605 314 3661 τῶν
328 3600 396 3660 κατὸι
410 3599 495 3681 φύσιν.
536 3601 588 3661 Ἐκ
596 3603 642 3671 τῆς
659 3590 702 3658 οὖν
717 3597 875 3678 πεμφθείσης
889 3597 930 3656 ἐπ’
943 3596 1035 3665 αὐτοὺς
1077 3612 1169 3658 nstnrae
1179 3611 1297 3659 convenit.
1308 3610 1370 3660 linio
1379 3610 1737 3674 itsqoeionstimssnmaetilins
1746 3628 1776 3663 es
1785 3627 1846 3663 exer·

261 3689 312 3748 δπὸ
332 3681 444 3748 Δαυίδου
460 3696 584 3766 στρατιᾶς
603 3685 687 3767 τούτῳ
705 3683 893 3765 μονομαχήσας
913 3683 1035 3756 Ἰωνάθης
1078 3695 1126 3744 cito
1144 3700 1226 3744 contra
1241 3695 1422 3746 iliossonvirie
1432 3697 1507 3746 misso
1517 3698 1629 3759 singolsri
1639 3712 1718 3761 pogna
1729 3699 1846 3762 congredi·

260 3775 275 3830 ό
289 3776 371 3850 Σαμᾶ
385 3773 438 3840 υίὸς
452 3771 536 3832 ἀνεῖλέ
548 3795 577 3831 τε
599 3771 685 3847 αὐτὸν,
698 3772 802 3843 καὶτῆς
820 3769 883 3841 δλης
902 3770 974 3840 νίκης
995 3773 1035 3850 βο-
1078 3787 1126 3843 ιυι,
1143 3782 1269 3845 ipsnmqoe
1279 3783 1393 3845 peremit,
1408 3788 1434 3834 ot
1443 3797 1519 3846 onom
1534 3799 1644 3846 magnum
1656 3792 1802 3843 promeritum
1812 3793 1845 3836 st·

260 3858 299 3931 πὸ
319 3860 453 3938 γινόμενος
473 3859 547 3928 δόξαν
571 3859 699 3940 ἀριστείας
714 3857 889 3936 ἀπηνέγκατο·
904 3854 949 3916 καί
963 3847 1035 3924 οὗτος
1078 3869 1197 3919 tuteritsri
1208 3872 1282 3919 nom
1290 3870 1428 3930 victorium,
1439 3873 1597 3934 prmceiieotis
1604 3873 1748 3924 tortitudinis
1754 3875 1844 3938 giorism

261 3947 312 4027 γὸρ
326 3947 520 4014 δΠαλαιστῖνος
531 3947 608 4027 ηὔχει
615 3951 666 4005 τῶν
677 3946 803 4026 γιγάντων
817 3945 943 4023 ἀπόγονος
956 3936 1034 4004 εἶναι·
1078 3955 1159 4006 retulit
1170 3972 1180 4006 .·
1194 3969 1249 4005 nrm
1258 3959 1283 4006 et
1291 3957 1338 4006 iste
1348 3957 1488 4007 Psiaestinns
1499 3971 1525 4007 se
1536 3960 1698 4021 normannos
1709 3966 1844 4024 prognsinrs

222 4045 249 4083 ⁴⁰
262 4034 341 4096 Merit
354 4034 381 4094 δὲ
395 4035 492 4107 ταύτην
506 4034 552 4108 τήν
571 4034 660 4114 μάχην
677 4037 723 4093 ούκ
742 4033 781 4092 ἔτι
799 4037 851 4100 τοῖς
863 4031 1035 4114 Ἰσραηλίταις
1078 4042 1249 4104 essejnnsbst
1281 4044 1338 4092 Post
1351 4044 1414 4092 hono
1428 4044 1639 4108 demnmpogosm
1655 4048 1774 4100 tsrseiitss
1787 4047 1844 4099 betto

264 4123 440 4200 ἐπολέμησαν.
1089 4129 1203 4179 isoessere
1213 4129 1341 4180 desierunt

300 4211 334 4290 γ’.
357 4210 567 4291 Ἀπηλλαγμένος
578 4211 600 4270 δ’
620 4212 670 4284 ἤδη
686 4209 807 4287 mittit
825 4213 840 4267 ὅ
860 4205 973 4282 Δαυίδης
988 4210 1035 4269 καί
1108 4238 1132 4284 3.
1148 4237 1204 4284 ism
1213 4246 1269 4284 vero
1278 4235 1383 4286 Derides
1390 4236 1459 4287 bellis
1467 4243 1492 4287 et
1500 4239 1845 4305 pericniispertnoctnspsoenr·

262 4300 385 4358 κινδύνων
405 4299 450 4359 καί
470 4299 573 4377 βαθείας
595 4297 733 4359 ἀπολαύων
753 4297 783 4357 τὸ
804 4298 894 4356 λοιπὸν
913 4299 1033 4390 εἰρήνης,
1078 4349 1125 4398 que
1135 4335 1392 4400 deimpspmsundam
1401 4341 1505 4403 agitans,
1514 4341 1844 4407 minuenmhymmoe

262 4383 377 4452 ὦδὸςείς
390 4387 434 4444 τὸν
448 4387 517 4449 Θεὸν
531 4385 576 4445 καί
591 4385 685 4463 ύμνους
699 4385 853 4452 συνετάξατο
866 4384 959 4464 μέτρου
973 4405 1036 4442 ποι·
1193 4446 1198 4456 Ι
1290 4446 1295 4456 ,
1389 4446 1394 4459 γ
1653 4450 1660 4462 0

223 4485 249 4523 45
263 4443 348 4531 ἐγχοῦ,
370 4472 429 4540 τὼς
449 4472 497 4551 μὲν
520 4471 571 4553 γὰρ
591 4472 755 4552 τριμέτρους,
776 4471 833 4539 τοὺς
861 4471 888 4529 δὲ
906 4470 1035 4546 πίνωμεν.
1078 4447 1223 4508 composuit,
1245 4458 1454 4496 rarrocsrmmnrn
1466 4461 1560 4512 genere.
1592 4453 1686 4500 Etenim
1702 4452 1752 4500 tsm
1766 4463 1844 4502 versos

262 4581 337 4638 τρους
357 4560 485 4632 ἐποίησεν.
527 4556 648 4640 Ὅργανά
672 4584 700 4619 τε
724 4559 921 4625 κατασκευάσας
937 4557 1035 4626 ἐδίδαξε
1077 4551 1198 4602 “imm
1207 4552 1843 4619 idffibiffltlffimiifflumffl·Utissssmfmimfflfflffl

263 4645 404 4726 spissioris
417 4646 474 4715 τοὸς
487 4647 597 4714 Λευίτας
610 4651 698 4725 ύμνεῒν
712 4647 757 4705 τὸν
769 4647 849 4723 Θεὸν,
864 4645 932 4704 κατά
945 4669 974 4704 τε
987 4644 1034 4717 τὴν
1078 4656 1230 4717 coniecisset,
1245 4659 1341 4709 Levitae
1351 4659 1431 4709 docuit
1439 4660 1470 4709 sd
1488 4674 1515 4710 en
1536 4661 1578 4711 Dei
1589 4661 1672 4712 londes
1684 4677 1779 4725 msere,
1798 4677 1842 4712 non

263 4735 314 4788 τῶν
327 4732 490 4810 καλουμένων
505 4733 654 4794 Σαόύάτων
670 4733 770 4814 ἡμέραν
790 4734 835 4792 καί
849 4731 917 4791 κατὸι
930 4731 976 4800 τὸς
988 4733 1034 4791 uit·
1078 4761 1155 4812 „opum
1166 4763 1326 4813 sabbatorum
1340 4765 1550 4829 quaenppeiisntor
1561 4769 1614 4829 die,
1630 4769 1672 4820 sed
1683 4775 1708 4820 et
1718 4771 1771 4820 aitis
1780 4769 1841 4818 iestis

264 4817 311 4883 δας
324 4817 422 4898 ἑορτάς.
464 4820 497 4880 Ἥ
509 4819 535 4879 δέ
549 4824 600 4879 τῶν
612 4823 727 4901 ὀργάνων
743 4819 798 4880 ἰδέα
808 4819 914 4892 τοιαύτη
929 4819 967 4886 τίς
980 4821 1035 4878 ἔστι

225 4919 252 4954 to
264 4902 307 4960 τὸν
326 4903 427 4984 τρόπον.
468 4907 502 4966 Ἡ
525 4906 571 4983 μέν
589 4909 679 4990 κινύρα
696 4909 758 4967 δέκα
777 4909 882 4988 χορδαῖς
904 4906 1034 4984 ἐξημμένη

264 4987 388 5048 τύπτεται
409 4991 549 5074 πλήκτρῳ,
579 4999 596 5066 ἡ
617 4994 645 5053 δὲ
673 4995 757 5054 νάόλκ
785 4993 883 5054 δώδεκα
913 4994 1036 5075 φθόγγους
1078 4979 1271 5043 Cinmquffieffl
1285 4981 1368 5032 ΠΜ
1385 4983 1475 5032 ΜΘΝ·
1490 4984 1586 5034 ⁰¹¹⁰¹di³
1602 4985 1691 5048 ΜΝ
1707 4986 1840 5049 immi»

257 5071 361 5156 ’έχουσα
375 5087 426 5146 τοῖς
440 5081 572 5149 δακτύλοις
586 5083 715 5162 κρούεται.
736 5083 870 5162 Κύμόαλά
880 5108 908 5142 τε
920 5077 952 5156 ἦν
966 5085 1036 5142 πλα·
1078 5086 1348 5138 υοδΙΗθιούυυδοᾰω
1359 5101 1431 5138 conos
1445 5089 1536 5140 iubens
1544 5090 1622 5153 digitis
1630 5091 1744 5154 polsotnr.
1775 5095 1839 5152 cyrn-

265 5163 312 5224 τέο
325 5164 369 5224 καί
388 5166 491 5246 μεγάλα
512 5169 625 5248 χάλκεα.
668 5172 721 5229 Καὶ
739 5170 798 5248 περὶ
813 5171 859 5247 μὲν
880 5171 976 5231 τούτοιν
991 5171 1035 5229 ἐπὶ
1078 5194 1234 5244 papaadpaec
1246 5200 1477 5258 mmmm
1486 5198 1586 5251 papaque,
1619 5194 1840 5258 Arquedeittisqri

1078 4869 1222 4922 soieonibns.
1241 4876 1290 4922 isin
1300 4877 1379 4922 entem
1389 4873 1544 4925 instrumenta
1551 4877 1688 4939 hujusmodi
1695 4885 1751 4928 sont
1758 4878 1838 4942 speeie.
