3859 6084
61 480 163 553 (oraora.)

56 606 146 680 οίδεμία
160 610 203 662 τοῦ
216 602 252 679 μὴ
265 608 347 661 ταῦτα
360 611 452 675 ποιεῖν,
464 603 592 682 πρόφασις
605 602 633 663 δλ
646 606 681 671 ώς
694 602 742 675 τὴν
756 603 808 683 χώ·

57 716 93 771 ριν
105 693 181 748 αὐτῶν
191 687 326 765 νεμόμενοι
344 688 431 747 πάντα
443 695 488 747 νῦν
504 692 625 750 ἀδικοῖεν.
666 686 701 749 0l
719 689 747 749 δί
765 694 807 767 ἐγ-

54 784 119 853 γενεῖς
129 799 155 833 τε
168 775 257 841 αὖτοὺς
277 774 434 847 ἐδείκνυσαν,
451 778 501 834 κάν
522 781 559 857 τῷ
576 778 610 835 τδι
632 779 714 836 οἰκεῖα
728 786 807 853 τιμᾶν

56 854 810 943 μηδὲνλυποῦντεςοίκεῖν.(θὶ’.)ΣυνιδώνοδνἈγρίππαςβια-

56 950 155 1024 {utimur
164 948 320 1027 ἀπεκρίνατο
326 955 422 1007 ταῦτα·
433 951 496 1007 «brt
507 949 553 1027 μίν
564 950 611 1017 τδν
619 951 736 1031 Ἡρώδου
745 972 808 1031 προς

56 1034 266 1093 abmatertera
286 1035 331 1094 καί
348 1036 436 1116 φιλίαν
454 1036 556 1112 ἕτοιμος
574 1030 639 1096 εἶναι
656 1049 709 1096 πᾶν
724 1042 807 1095 δτιοῦν

56 1123 184 1201 χαρίζεσθαι
197 1121 344 1195 Ἰουδαίοις,
356 1124 402 1181 καί
418 1128 476 1181 καθ’
487 1124 553 1182 αθτθ
567 1124 595 1183 δὲ
609 1125 697 1183 δίκαια
712 1127 808 1183 δοκεῖν·

57 1210 104 1266 ὥστ’
116 1211 136 1266 εί
145 1208 189 1285 μέν
199 1207 301 1267 ἐδέοντο
311 1208 356 1267 καί
365 1208 499 1281 πλειόνων,
509 1213 556 1268 οὐκ
567 1208 598 1268 διν
608 1212 717 1280 ὀκνῆσαι
730 1210 764 1269 τά
778 1232 807 1287 γε

59 1296 87 1371 μί,
98 1300 219 1355 λυποῦντα
236 1294 285 1368 τλν
307 1297 447 1375 Ῥωμαίων
465 1297 548 1378 ἀρχὴν
571 1304 730 1378 παρασχεῖν·
752 1299 808 1357 irtel

46 1384 76 1440 ιδὲ
87 1381 147 1441 έκαί
154 1388 254 1462 πρῶτον
263 1384 410 1464 εἰλήφασιν,
425 1383 510 1463 ἄκυρα
518 1383 555 1461 μὴ
562 1384 679 1462 γενέσθαι
689 1383 811 1455 ἀξιοῦσιν,

59 1472 157 1547 βείαιοδν
168 1476 253 1538 αὐτοῖς
270 1470 477 1551 ἀνεπηρεάστους
495 1475 521 1530 tu
536 1480 589 1539 τοῖς
603 1472 704 1537 olarios<
726 1473 808 1529 διατι·

57 1561 98 1615 δεῖν
117 1559 188 1619 ίθεσι.
207 1586 219 1611 ι
235 1562 354 1619 Τοιαῦτα
379 1557 459 1617 εἰπὼν
481 1560 580 1618 διέλυσε
608 1560 651 1617 τδν
674 1559 808 1637 σύλλογον.

57 1645 155 1724 Ἡρώδης
169 1645 195 1704 δὲ
208 1646 360 1725 προσεστὼς
372 1647 554 1717 κατησπάζετο
569 1646 614 1705 καί
626 1651 672 1717 τῆς
685 1646 746 1725 πρὸς
764 1648 811 1703 ab·

57 1733 90 1789 τἰν
101 1733 228 1799 διαθέσεως
245 1733 376 1811 ὡμολόγει
397 1734 483 1814 χάριν.
523 1732 557 1795 ‘0
573 1732 601 1792 δδ
621 1734 667 1791 καί
679 1736 715 1799 εἰς
727 1739 811 1792 ταῦτα

44 1820 264 1901 ’νριλορρονοιίμενος
276 1821 333 1879 ίσον
344 1821 421 1879 αὑτὸν
437 1824 562 1901 παρεῖχεν
576 1820 812 1896 ἀντεμπλεκόμενος

58 1908 92 1965 καί
102 1908 332 1985 κατασπαζόμενος.
374 1910 428 1968 Καί
437 1909 494 1969 τότε
508 1909 554 1985 μὲν
570 1908 735 1987 ἀνεχώρησεν
757 1908 808 1965 ἀπὸ

58 1994 149 2054 θέσθαι.
189 1998 269 2054 Πλεῖν
283 1996 306 2053 δ’
322 2000 337 2053 δ
357 1994 476 2074 βασιλεὺς
494 1996 535 2053 ἐπ’
550 1994 620 2053 οἴκου
639 1993 746 2071 διέγνω,
768 1993 811 2051 καὶ

58 2082 90 2138 τὀν
103 2082 236 2161 Ἀγρίππαν
250 2082 481 2163 παραιτησάμενος
497 2082 615 2160 ἀνήχθη·
629 2082 771 2159 κατάγεται
784 2079 810 2138 δέ

59 2174 84 2237 εἰς
96 2172 245 2252 Καισάρειαν
262 2174 295 2231 οὐ
309 2174 416 2237 πολλαῖς
432 2171 537 2251 ὕστερον
555 2170 679 2249 ἡμέραις,
695 2170 812 2246 πνευμά-

41 2276 98 2314 trouu
110 2257 251 2329 ἐπιτηδείων
274 2256 371 2337 τυχών.
414 2259 540 2317 Κάκεῖθεν
555 2255 633 2315 ἐλθὼν
654 2258 688 2322 είς
704 2254 812 2334 Ἰεροσό·

59 2346 114 2419 'supe
132 2345 269 2424 συνήγαγεν
294 2344 434 2416 ἐκκλησίαν
456 2345 606 2417 πάνδημον·
632 2335 663 2415 ἦν
686 2341 712 2401 δὲ
734 2342 813 2408 πολὺς

60 2434 99 2489 κάκ
111 2438 150 2503 τῆς
167 2431 253 2513 χώρας
265 2432 353 2511 ὄχλος,
395 2430 429 2491 ‘0
443 2429 470 2489 δέ
484 2428 619 2510 παρελθών
635 2428 810 2507 ἀπολογισμόν

60 2542 81 2574 τε
95 2524 134 2589 τῆς
149 2520 207 2590 όλης
223 2520 375 2595 ἀποδημίας
398 2518 538 2589 ἐποιήσατο
558 2518 603 2575 καί
622 2516 656 2575 τδ
675 2517 735 2596 περὶ
755 2514 813 2582 τοδς

61 2605 190 2680 Ἰουδαίους,
210 2606 266 2666 boor
287 2606 358 2667 κατά
374 2605 422 2677 τὴν
437 2606 524 2666 Ἀσίαν
544 2596 620 2677 ἦσαν,
634 2610 669 2671 ὡς
683 2607 717 2663 δι’
736 2604 813 2661 αθτδν

39 2685 239 2774 αένεπηρεάστως
254 2697 290 2761 είς
303 2692 334 2753 εδ
352 2692 444 2753 λοιπδν
466 2692 571 2761 έξουσιν.
618 2689 768 2767 Διηγήσατό
783 2714 812 2750 τε

63 2780 149 2855 σίμπαν
162 2782 202 2841 erl
215 2786 273 2849 ταῖς
292 2779 438 2860 εὐτυχίαις,
450 2780 543 2859 καίιῇ
559 2779 683 2851 διοικήσει
698 2783 745 2849 τῆς
764 2780 814 2859 ἀρ-

62 2872 111 2941 χῆς,
122 2873 154 2935 riu<
175 2867 245 2927 οὐδὲν
265 2866 414 2948 παραλίπω
434 2871 486 2925 τών
502 2868 605 2934 ἐκείνοις
624 2865 815 2946 συμφερόντων,

63 2956 214 3031 ἀγαλλόμενός
226 2980 256 3015 τε
269 2956 302 3015 τὸ
316 2954 438 3035 τέταρτον
449 2958 500 3013 τῶν
512 2954 596 3035 φόρων
609 2954 714 3033 ἀφίησιν
729 2954 815 3019 αὺτοῖς

63 3047 97 3097 ιώ
108 3043 308 3122 παρεληλυθότος
323 3041 402 3109 ἔτους.
443 3046 478 3104 Οἱ
500 3042 528 3101 δέ
551 3042 596 3100 καί
613 3046 646 3120 τῇ
662 3040 751 3121 χάριτι
765 3041 812 3099 καί

37 3130 93 3206 θεῷ
110 3129 172 3209 λόγῳ
186 3128 437 3208 δεδημαγωγημένοι
462 3127 529 3206 μετθ
551 3127 674 3198 πλείστης
697 3124 816 3205 ἀπῄεσαν

63 3223 141 3291 χαρᾶς,
150 3216 232 3277 πολλδ
243 3217 331 3296 ἀγαθδ
340 3215 568 3297 συνευχόμενοιτῷ
583 3217 696 3293 βασιλεῖ.

345 3346 435 3406 ltEb.
455 3343 496 3405 lv.

95 3478 231 3559 Προίιόαινε
245 3484 273 3541 δέ
294 3481 335 3539 ἀεί
359 3478 392 3539 ab
415 3478 484 3539 κατδ
503 3478 550 3550 τὴν
574 3478 662 3537 στάσιν
677 3482 723 3548 τῆς
736 3476 817 3542 οἰκίας

64 3566 99 3623 καί
120 3570 300 3649 χαλεπωτέραν
321 3568 452 3645 ἐλάμόανε
470 3565 518 3637 τὴν
540 3564 663 3636 ἐπίδοσιν,
679 3567 817 3639 ἀντιμετα-

64 3654 175 3727 λαόοίαης
183 3655 229 3734 μέν
241 3657 332 3735 ὥσπερ
346 3658 376 3713 έκ
388 3653 559 3735 κληρονομίας
572 3654 602 3709 τδ
613 3650 681 3709 κατὰ
694 3655 745 3709 τῶν
756 3672 816 3707 νεα-

38 3754 57 3793 ὅ
67 3740 143 3801 νίσκων
153 3749 225 3819 μῖσος
238 3749 287 3815 τῆς
301 3741 447 3818 Σαλώμης,
463 3740 509 3799 καί
518 3748 570 3797 πᾶν
582 3736 641 3795 ὅσον
649 3735 817 3810 ηὐδοκιμήκει

65 3828 119 3886 sual
128 3835 170 3901 τῆς
183 3830 281 3910 μητρὸς
294 3832 378 3889 αὐτῶν
394 3832 429 3895 εἰς
439 3826 562 3885 ἀπόνοιαν
576 3825 620 3883 καί
644 3824 736 3902 θράσος
747 3826 816 3898 λαμ·

67 3912 187 3989 memora,
202 3916 303 3995 μηδένα
316 3919 368 3974 τῶν
382 3914 409 3983 έξ
422 3914 521 3985 ίκείνης
533 3912 694 3982 καταλιπεῖν,
704 3909 731 3975 δς
741 3909 817 3979 δυνή-

65 4022 124 4058 σεται
133 4009 277 4084 τιμωρῆσαι
287 4005 325 4083 τῷ
338 4001 442 4081 θανάτῳ
455 4006 501 4070 τῆς
518 3998 694 4077 άνηρημίνης·
707 3998 817 4074 ἐχόντων

66 4084 87 4141 δέ
99 4111 121 4144 τι
130 4090 232 4148 καὶτῶν
245 4088 386 4147 νεανίσκων
398 4085 479 4168 θρασθ
491 4086 536 4144 καί
551 4085 658 4143 δύσνουν
670 4087 706 4149 εἰς
717 4082 761 4141 τδν
775 4106 817 4159 γε-

40 4176 185 4245 θγεννηκότα
207 4176 299 4254 μνήμη
314 4198 342 4233 τε
362 4178 408 4245 τῆς
427 4174 524 4252 μητρὸς
540 4164 581 4231 οἶα
594 4170 672 4229 πάθοι
686 4168 757 4250 παρδι
771 4169 818 4239 τὴν

67 4258 126 4323 έξίαν
140 4263 182 4320 καί
193 4268 224 4342 τῇ
237 4270 283 4321 τοῖν
295 4268 398 4341 κρατεῖν
409 4258 542 4339 ἐπιθυμίη.
560 4257 645 4318 Πάλιν
658 4279 687 4313 τε
700 4256 729 4313 τδ
740 4255 818 4314 κακὸν

67 4343 139 4419 ὅμοιον
151 4349 258 4425 ἐγεγόνει
269 4352 323 4414 τοῖς
335 4346 459 4424 πρώτοις,
474 4343 640 4425 βλασφημίαι
653 4342 699 4420 μὲν
714 4345 740 4409 ἐξ
750 4344 818 4400 ἐκεί-

67 4452 107 4487 νοιν
115 4434 145 4500 είς
154 4459 180 4493 τε
192 4436 239 4507 τὴν
254 4434 388 4511 Σαλώμην
401 4432 503 4492 καὶτὸν
516 4431 656 4512 Φερώραν,
669 4430 819 4500 κακοήθειαι

68 4516 88 4573 δὲ
100 4520 185 4579 τούτων
198 4526 233 4590 εἰς
245 4522 278 4580 ιδ
292 4522 414 4602 μειράκια
428 4520 473 4579 καθ
488 4518 554 4597 μετὰ
566 4516 748 4597 πραγματείας
762 4519 819 4574 ἐπι-

40 4609 59 4647 ⁴⁵
69 4602 144 4677 δοολή.
181 4609 219 4670 'rb
233 4609 280 4687 μέν
291 4609 342 4689 γὰρ
357 4610 430 4685 μῖσος
446 4606 502 4666 ἴσον
516 4598 548 4678 ἦν
566 4604 592 4673 ἐξ
611 4602 741 4675 ἀλλήλων,
759 4608 773 4661 δ
792 4601 819 4661 δὲ

68 4692 145 4769 τρίπος
162 4702 205 4755 τοῦ
223 4706 308 4774 μισεῖν
321 4698 371 4775 οὐχ
388 4695 489 4772 ὅμοιος,
503 4693 560 4752 ἀλλ’
574 4696 598 4751 ot
616 4693 662 4768 μὲν
676 4693 754 4769 ἐντῷ
769 4712 820 4772 φα-

69 4784 122 4860 νερῷ
133 4784 307 4863 λοιδορηθῆναι
319 4784 365 4843 καί
378 4780 568 4864 προσονειδίσαι
584 4787 735 4860 προπετεῖς,
747 4780 820 4855 εὐγε-

70 4866 102 4931 ui,
113 4869 210 4941 ὑπὸτῆς
223 4872 339 4953 ἀπειρίας
349 4870 460 4945 οἰόμενοι
470 4892 500 4927 το
511 4893 557 4939 της
576 4872 653 4947 οργῆς
676 4865 819 4923 ἀνυπόστο-

69 4950 113 5021 lu,
121 4958 142 5012 οἱ
157 4959 177 5013 δ’
187 4961 215 5016 οὗ
228 4958 272 5018 τδν
286 4958 362 5017 αὐτὸν
376 4957 480 5038 τρόπον,
496 4955 563 5013 ἀλλὰ
575 4956 762 5033 πραγματικῶς
775 4975 820 5009 και

42 5042 185 5113 buxolio<
206 5048 318 5125 ἀχρώντο
338 5048 393 5111 ταῖς
407 5045 554 5113 διαθολαῖς,
576 5040 760 5121 προσέλκοντες
779 5039 820 5096 ἀεὶ

72 5126 99 5180 τὰ
117 5130 242 5207 μειράκια,
261 5133 305 5191 καὶ
330 5132 360 5191 τδ
387 5131 468 5212 θρασὺ
488 5128 714 5206 καταλογιζόμενοι
738 5126 820 5205 βίαιον

74 5208 161 5272 tuno
170 5216 230 5297 πρὸς
241 5220 284 5278 τδν
297 5219 476 5298 γεγεννηκότα.
518 5216 557 5276 Τὸ
569 5214 618 5293 γάρ
630 5218 677 5273 οὐκ
693 5213 818 5272 αἰδεῖσθαι

513 476 640 549 anolo.
660 477 742 537 ruo.
767 478 839 536 ιιι.
862 478 937 537 κνι.
958 465 1039 541 bue.
1064 484 1115 543 ιιι.

1396 486 1521 567 [nmmo]
1564 490 1617 548 bat

851 615 1010 677 satagebant,
1026 618 1089 679 quod
1100 618 1202 669 dicerent
1214 619 1310 669 tudmos
1322 618 1428 682 ipsorum
1441 621 1528 671 bulbus
1540 622 1589 682 uti,
1599 628 1623 673 el

850 708 875 757 iu
884 723 913 759 eo
921 724 984 761 nuno
993 712 1090 775 injurios
1097 727 1157 763 esse.
1191 714 1226 763 llll
1235 726 1291 763 raro
1300 714 1420 777 indigenas
1430 730 1456 767 se
1467 730 1520 767 esee
1529 718 1624 768 demon·

851 811 968 868 atterunt,
978 808 1090 871 quodque
1100 808 1163 870 leges
1173 822 1228 857 suas
1238 812 1351 861 haberent
1363 812 1387 859 in
1395 813 1485 875 pretio,
1496 813 1520 861 io
1536 828 1564 863 eo
1579 813 1625 862 illis

782 950 789 967 ,
851 900 1110 962 injuriamuonlacere.
1145 906 1194 967 (v.)
1208 907 1368 964 Quamobrem
1383 907 1626 971 agrippa,totrtleoro

852 995 915 1059 quod
923 998 972 1047 vlm
981 1002 1125 1061 paterentur,
1134 1002 1168 1049 sto
1175 1002 1307 1065 respondit,
1318 1024 1329 1045 ι
1341 1002 1467 1064 sequidem
1475 1006 1570 1066 pmpter
1580 1006 1624 1053 lle·

852 1092 917 1143 rodis
929 1094 953 1141 ln
972 1094 1050 1157 ipsum
1065 1094 1251 1147 benevolentiam
1267 1098 1291 1147 et
1305 1098 1432 1147 amicitiam
1449 1104 1555 1161 paratum
1573 1112 1626 1147 osse

853 1190 944 1240 souma
951 1192 1069 1253 postulata
1076 1193 1218 1253 ooooerlere,
1230 1208 1305 1256 eaque
1312 1194 1382 1243 eliam
1392 1196 1536 1258 persejusta
1545 1196 1624 1245 eulati-

853 1294 920 1331 mara
929 1296 936 1329 :
946 1281 1005 1333 adeo
1015 1288 1041 1332 ut
1055 1283 1073 1331 si
1086 1284 1153 1346 plura
1163 1285 1233 1333 etiam
1243 1286 1378 1348 petiissent,
1388 1300 1435 1335 noo
1448 1292 1626 1349 promotores

854 1372 900 1421 illia
913 1372 1002 1434 largiri,
1020 1373 1150 1423 dummodo
1166 1374 1216 1423 siue
1234 1375 1382 1425 inmmmodo
1397 1376 1461 1427 beret
1474 1378 1562 1439 imperii
1581 1382 1626 1427 llo·

854 1462 927 1511 mani.
949 1462 1067 1520 Quoniam
1082 1476 1138 1512 uero
1156 1464 1276 1527 postulent
1294 1470 1320 1514 ut
1337 1478 1391 1528 quae
1410 1468 1475 1528 priua
1492 1469 1627 1531 acceperint

855 1558 905 1602 rata
923 1556 1045 1615 maneam,
1062 1566 1088 1603 se
1105 1554 1269 1604 confirmatum
1286 1556 1356 1616 dare,
1375 1562 1401 1607 ut
1417 1571 1487 1608 nemo
1502 1559 1549 1609 illis
1565 1560 1626 1622 lotu-

856 1646 915 1693 riam
924 1644 994 1693 iaciat
1005 1646 1111 1695 instituta
1120 1659 1163 1695 sua
1177 1646 1302 1696 observare
1312 1650 1515 1711 perseverantibus
1526 1672 1548 1701 ν,
1561 1654 1627 1702 Talia

855 1749 930 1801 quum
941 1734 1054 1797 dixisset,
1064 1737 1200 1786 concionem
1214 1738 1312 1787 dimisit.
1344 1742 1422 1802 atqua
1435 1742 1540 1792 Herodes
1548 1756 1627 1791 noram

856 1830 922 1874 staua
932 1826 1011 1888 ipsum
1027 1826 1158 1889 salutabat,
1173 1834 1197 1876 et
1211 1828 1273 1891 quod
1286 1830 1319 1877 lta
1330 1829 1354 1877 iu
1371 1830 1435 1893 ipsos
1451 1832 1549 1883 allectos
1565 1838 1630 1886 earet

855 1917 942 1979 gratias
953 1917 1044 1978 agebat.
1077 1918 1120 1967 llle
1136 1931 1191 1968 vero
1205 1920 1269 1969 bisne
1280 1920 1409 1971 delectatus
1423 1924 1488 1986 paria
1499 1924 1628 1987 relerebat,

856 2008 923 2057 illum
938 2009 963 2057 in
976 2022 1032 2057 suos
1050 2010 1186 2072 bornplerus
1201 2011 1318 2073 accipiens
1337 2014 1496 2078 nluuosque.
1529 2019 1559 2065 Et
1572 2022 1630 2067 tuno

856 2099 952 2161 quidem
963 2100 1062 2149 aurato
1071 2100 1186 2150 discessit
1218 2104 1268 2151 lton
1277 2108 1356 2151 autem
1367 2104 1425 2153 orari
1435 2105 1532 2155 domum
1542 2108 1629 2157 reverti

857 2190 952 2250 statuit,
970 2194 1041 2253 atque
1062 2190 1101 2240 ubi
1118 2193 1226 2253 Agrippae
1244 2192 1385 2243 suediaerat
1403 2201 1500 2245 auectus
1517 2200 1567 2257 eota
1586 2213 1630 2249 neo

857 2280 938 2329 multia
947 2284 1000 2344 post
1011 2281 1095 2331 diebus
1105 2286 1236 2331 cmsaream
1249 2285 1355 2347 appulit,
1366 2290 1437 2335 rento
1447 2300 1504 2337 usur
1515 2290 1628 2339 montio.

856 2372 962 2435 ludequo
980 2374 1142 2437 Hierosolyma
1160 2376 1278 2437 protectus
1288 2376 1428 2425 ounvooauit
1443 2390 1538 2428 omnem
1554 2393 1628 2442 popu·

857 2465 921 2527 lom;
933 2466 1015 2525 ingens
1025 2468 1160 2515 antemonet
1171 2466 1241 2515 etiam
1253 2481 1280 2516 οκ
1294 2468 1355 2529 agris
1366 2468 1501 2519 multitudo.
1513 2474 1590 2532 Atque
1604 2472 1629 2518 in

858 2556 959 2606 mediam
970 2558 1106 2607 concionem
1119 2572 1269 2621 progressus,
1282 2560 1316 2609 eis
1328 2561 1401 2610 totius
1410 2562 1500 2611 itineris
1510 2564 1548 2612 soi
1560 2564 1629 2613 ratio·

858 2666 912 2702 uem
923 2651 1048 2713 exposuit,
1066 2664 1139 2715 seque
1159 2652 1248 2701 tudoeis
1263 2652 1287 2701 lu
1300 2654 1355 2702 Asia
1367 2654 1504 2716 perfecisse,
1519 2658 1547 2703 ut
1564 2654 1629 2705 dein·

858 2756 914 2807 oeps
922 2756 965 2792 aua
974 2746 1028 2806 lura
1037 2747 1116 2805 qulete
1126 2745 1238 2793 retenturi
1250 2749 1336 2795 essent.
1369 2747 1445 2795 Ellam
1457 2746 1487 2795 ele
1499 2746 1570 2796 rebus
1579 2750 1629 2803 auio

859 2838 979 2900 prosperis
990 2836 1102 2899 regnique
1113 2836 1315 2886 administratione
1326 2837 1418 2899 plenam
1430 2839 1587 2889 narrationem
1596 2839 1630 2889 ie·

858 2932 903 2989 eit,
915 2932 943 2980 ut
954 2930 979 2979 iu
990 2929 1100 2979 omnibus
1111 2929 1219 2979 utilitatis
1228 2942 1311 2979 eorum
1328 2929 1448 2979 studiosus
1464 2932 1544 2993 luerit,
1559 2937 1631 2995 atque

859 3021 940 3071 laetitia
951 3022 1041 3081 elatus,
1050 3022 1157 3081 quartam
1174 3020 1301 3083 superioris
1312 3021 1366 3069 aunl
1379 3022 1528 3083 vectigalium
1539 3028 1630 3085 partem

859 3115 894 3163 eis
899 3112 1052 3163 oonrlonarit.
1063 3112 1098 3162 llli
1111 3124 1167 3161 uero
1177 3116 1202 3161 et
1215 3101 1289 3175 grana
1299 3118 1323 3162 et
1333 3114 1440 3163 oratioue
1455 3114 1553 3165 mirilico
1569 3119 1631 3179 eapti

859 3204 1011 3254 vehementer
1025 3204 1096 3253 laetati
1108 3203 1279 3263 discesserunt,
1292 3202 1353 3252 bona
1365 3202 1441 3253 multa
1452 3204 1501 3267 regi
1511 3210 1630 3269 optantes.

1118 3342 1198 3403 cle.
1221 3344 1275 3403 ιιι.
1299 3344 1369 3421 (νη
1453 3352 1458 3361 ·

891 3482 1010 3533 Glisoebat
1022 3485 1102 3531 autem
1116 3481 1140 3531 in
1151 3482 1202 3531 rlies
1213 3480 1368 3531 domesticum
1382 3481 1631 3539 dissidiummresoen-

860 3594 938 3656 doque
947 3591 971 3640 in
981 3590 1085 3641 deterius
1094 3590 1219 3651 vergebat,
1230 3589 1287 3639 dom
1297 3592 1389 3640 smome
1402 3590 1469 3653 quasi
1479 3592 1531 3651 jure
1541 3589 1631 3640 berelli-

860 3695 920 3745 tario
935 3695 958 3743 in
977 3693 1137 3742 adolescentes
1150 3692 1231 3741 odium
1248 3692 1383 3751 exorcebat,
1400 3694 1472 3754 atque
1484 3705 1514 3741 οι
1528 3692 1557 3741 ils
1577 3705 1632 3755 qnae

861 3803 921 3851 bene
929 3802 1049 3850 cesserant
1059 3804 1140 3849 eontra
1151 3804 1251 3849 matrum
1260 3812 1288 3848 eo
1301 3800 1438 3850 temeritatis
1451 3804 1475 3849 et
1483 3800 1589 3849 audaciae
1597 3800 1632 3852 el·

861 3905 988 3964 terebetor,
1001 3905 1029 3951 ut
1047 3902 1164 3952 nemiuem
1185 3874 1316 3965 relinquere
1333 3916 1347 3949 e
1366 3902 1427 3951 natis
1442 3907 1576 3964 conantur,
1592 3906 1632 3967 uui

860 4009 947 4058 oaeirre
955 4010 1056 4057 mortem
1068 4005 1148 4055 ulcisci
1159 4009 1239 4067 posset
1250 4019 1256 4051 :
1268 4010 1339 4065 atque
1361 4004 1522 4056 adolescentes
1537 4010 1634 4057 erootm

862 4112 951 4160 seroces
961 4114 986 4157 et
1001 4109 1125 4169 inpetrem
1137 4106 1244 4155 malevoli
1255 4104 1356 4165 liebaut,
1366 4107 1418 4155 turn
1428 4106 1589 4157 recordatione
1598 4108 1632 4157 io·

860 4215 928 4275 jorim
937 4212 1005 4261 matri
1013 4210 1149 4270 statatum
1155 4206 1386 4269 regnanlloupirlioe.
1398 4207 1632 4269 lteromquemalnm

863 4314 912 4360 erat
921 4308 991 4371 qrrale
1003 4306 1080 4366 prius,
1092 4304 1155 4367 quod
1167 4308 1191 4353 et
1201 4304 1361 4353 adolescentes
1373 4304 1474 4353 salome
1483 4308 1508 4353 et
1522 4304 1633 4353 Pbemra·

863 4412 935 4461 libere
946 4412 970 4456 et
985 4408 1065 4469 aperte
1078 4402 1261 4464 maledicebant,
1273 4408 1344 4465 atque
1354 4404 1388 4453 illi
1405 4404 1515 4454 malitiosi
1529 4412 1595 4456 erant
1609 4406 1633 4455 in

863 4514 1039 4570 adnleseentes,
1050 4507 1221 4571 eisqueoallirlo
1231 4508 1326 4557 insidias
1335 4508 1467 4557 struebant.
1484 4511 1543 4557 Nam
1552 4510 1634 4559 odium

863 4620 959 4683 quidem
970 4618 1079 4679 utrinqne
1088 4626 1131 4676 par
1142 4618 1206 4671 erut,
1219 4610 1303 4659 modrrs
1318 4622 1375 4659 vero
1386 4610 1444 4660 illud
1456 4611 1579 4661 exercendi
1591 4612 1635 4661 alle

863 4723 959 4782 similis,
971 4721 1028 4771 dum
1044 4720 1068 4769 lai
1086 4717 1183 4781 quidem
1200 4715 1276 4778 palam
1292 4714 1481 4763 conviciareotur
1500 4719 1525 4765 et
1546 4720 1634 4765 terune

863 4828 949 4891 probra
961 4827 1082 4887 jacerent,
1098 4836 1147 4886 prae
1160 4833 1238 4871 rerum
1251 4818 1368 4881 imperitia
1383 4818 1454 4867 animi
1471 4818 1565 4879 ingenui
1582 4830 1636 4867 esse

810 4951 816 4974 ι
863 4926 1025 4977 existimantes
1033 4924 1091 4969 iram
1102 4934 1149 4969 non
1158 4916 1307 4967 dissimulare
1316 4933 1323 4975 ;
1333 4916 1366 4965 illi
1377 4927 1447 4975 reru,
1456 4915 1500 4963 alla
1509 4915 1547 4963 ria
1557 4927 1636 4976 aggre-

863 5024 968 5081 diautea,
985 5016 1108 5069 caltrmniis
1119 5015 1202 5064 callide
1213 5020 1238 5063 et
1250 5012 1356 5075 improbe
1373 5010 1479 5061 monens
1498 5009 1635 5070 utebantur,

861 5122 960 5184 iuvenes
969 5132 999 5166 ex
1010 5114 1075 5163 omni
1086 5113 1208 5162 occasione
1220 5110 1387 5172 provocantes,
1399 5111 1581 5171 reputantesque
1595 5119 1635 5155 au·

863 5216 953 5265 ‹laeiam
963 5214 1056 5265 illorum
1070 5223 1163 5259 uersum
1172 5209 1200 5257 iri
1212 5208 1234 5257 in
1247 5208 1295 5255 vim
1306 5211 1386 5287 bontra
1396 5206 1534 5268 genitorem.
1566 5204 1634 5261 Nam,
