3859 6084
299 472 355 523 soe
398 458 513 537 limosi

781 453 1066 514 ΑΡΧΑΙΟΔΟΙἹΑΣ
1088 454 1184 513 bibli.
1208 454 1231 511 Ι.
1254 454 1344 513 ΚΕΦ.
1365 456 1400 515 A.

1746 463 1875 532 [soe-md

297 596 361 661 ἀνείς
372 592 556 674 ἀποφαίνουσιν
567 589 681 655 ίαυτούς.
693 590 758 667 Περὶ
768 580 866 665 μὲνοῦν
875 589 974 647 τούτων
985 586 1074 664 ἕξομεν
1119 594 1473 657 exolingenleprmseleruni.
1514 596 1626 645 celerum
1638 597 1877 660 lempussdsgendon

298 681 475 761 εὐκαιρότερον
489 684 579 739 εἰπεῖν.

493 827 640 885 biblion
664 824 857 885 AEKATON.

616 989 766 1012 ,0119-

298 1096 331 1144 α’.
345 1096 455 1159 Σαρατεία
463 1101 505 1144 τοῦ
515 1095 639 1158 Ἀσσυρίων
649 1094 764 1157 βασιλέως
775 1092 931 1154 Σεναχτρέάον
940 1092 972 1146 εἰς
982 1090 1075 1153 ἹεροσόΙ

328 1169 390 1229 λυμα
401 1169 441 1215 καί
453 1166 576 1229 πολιορκία
584 1170 626 1214 τού
638 1164 752 1228 βασιλέως
761 1164 837 1211 αὐτῶν
849 1162 963 1219 Ἐζεκίου.

298 1238 329 1300 β’.
340 1239 381 1293 Ὠς
392 1238 476 1301 ἐφδάφη
487 1239 514 1285 τὸ
527 1243 574 1285 τῶν
588 1236 715 1299 Ἀσσυρίων
731 1234 863 1296 στράτευμα
879 1234 989 1294 λοιμικῶς
1000 1231 1023 1279 ἐν
1034 1234 1076 1293 μιᾷ

327 1311 392 1356 νυκτὶ
403 1309 443 1356 καὶ
455 1310 468 1356 δ
478 1308 584 1370 βασιλεὺς
598 1308 673 1355 αὐτῶν
684 1304 806 1360 ἀναζεύξας
816 1304 895 1352 οἰκαδε
913 1303 936 1359 ἐξ
954 1300 1076 1359 έπιδουλής

328 1383 376 1425 τῶν
382 1379 470 1426 τέκνων
479 1378 601 1425 ἀπέθανεν.

298 1445 329 1506 ’ίί
344 1448 385 1503 Ὡς
404 1448 444 1495 τὸν
461 1448 545 1509 μεταξὺ
561 1446 643 1509 χρόνον
663 1445 720 1507 μετὰ
736 1445 825 1507 εἰρήνης
836 1443 938 1499 Ἐζεκίας
958 1442 1076 1502 διαγαγὼν
1156 1445 1176 1507 Q

329 1516 476 1576 ἐτελεύτησε,
489 1516 598 1578 διάδοχον
607 1520 647 1573 τής
664 1513 783 1577 βασιλείας
794 1516 924 1570 Μανασσῆν
933 1511 1075 1559 καταλιπών.

298 1586 328 1634 δ’.
339 1589 394 1635 Ὀτι
402 1587 581 1649 στρατεύσαντες
588 1587 624 1634 ἐπ’
634 1586 704 1635 αὐτὸν
713 1588 736 1633 ολ
744 1586 866 1634 Χαλδαίων
872 1584 913 1631 καὶ
922 1581 1076 1631 Βαβυλωνίων

330 1657 433 1718 βασιλεῖς
443 1658 483 1703 καί
492 1657 627 1714 νικήσαντες
636 1657 706 1705 αὐτὸν
716 1656 865 1719 αἰχμάλωτον
872 1654 979 1709 λαβόντες
988 1654 1076 1713 ἤγαγον

330 1727 362 1780 εἰς
380 1726 523 1787 Βαβυλῶνα,
539 1727 579 1773 καὶ
596 1726 752 1788 κατασχόντες
770 1726 849 1774 αὐτόθι
862 1725 933 1773 πολὺν
951 1722 1033 1787 χρόνον
1045 1722 1076 1777 εἰς

330 1796 371 1852 τήν
380 1797 451 1843 αὐτοῦ
463 1796 581 1858 βασιλείαν
591 1796 659 1844 πάλιν
673 1796 798 1845 ἀπέλυσαν.

299 1864 328 1913 ε’.
339 1866 380 1921 Ὦς
394 1866 434 1915 τὸν
449 1867 580 1928 Αἰγυπτίων
596 1867 694 1929 βασιλέα
710 1868 809 1929 beyno,
824 1863 1021 1927 στρατευσάμενον
1038 1862 1076 1911 inl

332 1936 490 1993 Βαβυλωνίους
507 1938 547 1985 καὶ
565 1938 703 2001 ποιούμενον
714 1938 754 1985 διὰ
771 1942 811 1994 τής
830 1935 943 1991 Ἰουδαίας
960 1936 1002 1993 τήν
1014 1934 1075 1994 δδδν,

331 2007 428 2055 κωλύων
442 2008 455 2055 δ
470 2010 575 2071 βασιλεὺς
594 2008 687 2064 Ἰωσίας
706 2008 812 2066 ἀπήντα,
830 2006 905 2070 μάχης
917 2007 942 2055 δὲ
952 2005 1076 2067 γενομένης

331 2079 472 2140 τραυματίας
482 2080 599 2142 κομισθείς
609 2081 641 2135 εἰς
653 2080 801 2142 ’Ἱεροσόλυμα
809 2080 918 2140 τελευτᾷ,
929 2079 969 2124 καὶ
978 2077 1017 2125 τὸν
1026 2076 1076 2125 υἰδν

331 2148 402 2198 αὑτοῦ
415 2150 509 2207 Ἰωάζην
516 2151 634 2207 ἀπέδειξαν
646 2154 668 2199 οἰ
680 2151 859 2213 Ἱεροσολυμῖται
870 2148 975 2212 βασιλέα.

299 2219 332 2275 ς’·
347 2221 387 2273 Ὦς
399 2220 524 2282 συμβαλὼν
534 2222 547 2268 δ
557 2223 643 2285 Νεχαὼ
651 2226 686 2285 τῷ
697 2226 743 2269 τῶν
753 2220 907 2269 Βαβυλωνίων
916 2218 1006 2281 βασιλεῖ
1015 2216 1076 2265 κατὰ

330 2291 370 2339 τδν
382 2290 500 2353 Εὐφράτην
511 2296 616 2355 ποταμὸν
624 2294 664 2341 καὶ
683 2292 833 2355 ὑποστρέφων
844 2292 876 2346 εἰς
890 2291 1007 2350 Αίγυπτον
1020 2286 1076 2347 ήκεν

331 2363 363 2416 sis
375 2362 538 2425 Ἱεροσόλυμα,
549 2366 589 2412 καί
602 2365 642 2413 τὸν
656 2364 697 2427 μὶν
709 2364 803 2420 Ἰωάζην
812 2364 898 2425 ἤγαγεν
907 2362 941 2416 εἰς
951 2360 1076 2421 λῐγνπτον,

330 2433 370 2481 τὸν
379 2432 404 2480 δὲ
413 2433 508 2493 ἀδελφὸν
517 2436 588 2485 αὐτού
598 2434 722 2498 Ἰωάκιμον
732 2434 836 2491 ἀπέδειξε
845 2435 944 2497 βασιλέα
952 2436 999 2481 τῶν
1009 2430 1075 2495 Ἱερο-

332 2503 447 2564 σολιίμων.

300 2571 328 2627 ζ’.
346 2573 580 2638 Ναβονχοδονοσδρου
596 2580 638 2623 τοῦ
651 2579 698 2623 τῶν
713 2574 867 2625 Βαβυλωνίων
883 2574 997 2638 βασιλέως
1008 2588 1076 2635 οτρα·

330 2644 382 2691 “A“
393 2646 425 2700 ⁸2<
433 2645 524 2707 Συρίαν,
535 2651 575 2694 καί
586 2649 618 2702 ὡς
628 2651 706 2695 πᾶσαν
718 2646 789 2704 αύτήν
797 2645 1013 2708 ααταστροβάμενος
1023 2644 1076 2706 ἀχρι

333 2719 379 2761 τῶν
391 2715 451 2777 δρων
463 2721 511 2764 τῶν
522 2717 655 2776 Αῑγνπτίων
675 2716 744 2773 ἀνέὸη
756 2718 787 2771 εἰς
798 2716 962 2779 Ἰεροσόλυμα,
979 2714 1019 2761 καὶ
1036 2714 1076 2761 τὸν

333 2784 431 2845 βασιλέα
441 2786 517 2834 αὐτῶν
532 2786 654 2849 Ἰωάκιμον
671 2787 735 2848 φίλον
746 2786 876 2847 ἠνάγκασεν
888 2784 946 2832 εἶναι
962 2784 1002 2831 καί
1019 2781 1076 2844 σύμ·

332 2868 417 2915 κακον·

301 2918 332 2977 η’·
343 2923 383 2977 ’ος
392 2925 451 2985 μετὰ
459 2927 501 2983 τήν
510 2926 659 2989 ἀναχώρησιν
668 2928 711 2983 τὴν
720 2930 762 2975 τοῦ
772 2925 921 2977 Βαβυλωνίου
928 2923 997 2972 πάλιν
1012 2921 1076 2971 Ἰωύ·

333 3009 400 3054 κιμος
410 2995 518 3057 ἐφρόνησε
524 2998 554 3045 τὰ
563 3002 609 3044 τῶν
614 2998 756 3057 Αἰγυπτίων,
763 2999 803 3045 καὶ
813 2997 954 3059 στρατεύσας
963 2994 999 3042 ἐπ’
1007 2994 1076 3041 αὐτὸν

331 3063 585 3130 δΝαὸουχοδονόσορος
592 3070 631 3116 καὶ
641 3070 797 3130 πολιορκήσας
804 3104 811 3127 ,
818 3073 859 3125 τῆς
866 3068 955 3121 πόλεως
962 3064 1075 3128 παραδού·

334 3148 377 3189 m
399 3136 471 3193 αὑτήν
491 3139 550 3198 μετὰ
566 3138 656 3201 χρόνον,
674 3139 714 3188 τὸν
735 3139 777 3200 μέν
795 3137 918 3199 Ἰωάκιμον
934 3137 1076 3195 ἀπέκτεινεν,

333 3203 456 3267 Ἰωτίχιμον
466 3208 492 3255 δὲ
506 3209 546 3256 τὸν
562 3211 612 3258 υἰδν
630 3210 701 3257 αὐτοῦ
714 3209 844 3266 κατέστασε
860 3209 971 3271 βασιλέα,
987 3206 1027 3253 καὶ
1045 3208 1083 3260 ὡς’

331 3276 405 3323 πολλὰ
416 3277 524 3339 χρήματα
535 3281 612 3328 ludov
624 3280 651 3327 ἐκ
661 3286 708 3328 τῶν
718 3279 885 3343 ’Ἰεροσολύμων
896 3279 980 3333 εὐθέως
991 3278 1023 3333 εἰς
1035 3278 1077 3323 Συ·

333 3344 384 3405 ρίαν
393 3346 541 3407 ὑπέστρεψεν.

300 3412 327 3461 δ’.
342 3414 396 3463 Ὀτι
407 3419 551 3477 μετανοήσας
559 3419 597 3466 ίπί
614 3423 650 3481 τῷ
657 3420 697 3469 τὸν
712 3418 838 3482 Ἰωάχιμον
855 3424 953 3477 ποιήσαι
964 3414 1075 3480 βασιλέα,

333 3488 373 3533 καὶ
387 3488 528 3549 στρατεύσας
540 3490 578 3537 ἐπὶ
595 3490 756 3553 Ἱεροσόλυμα,
768 3490 878 3554 ἐγκρατής
894 3493 936 3537 τοῦ
950 3486 1076 3549 Ἰωαχίμον

332 3557 433 3617 γίνεται,
446 3558 588 3622 παραδόντος
603 3563 684 3610 ἑαυτὸν
699 3562 758 3624 μετὰ
772 3566 812 3619 τῆς
829 3560 912 3623 μητρὸς
928 3560 968 3606 καὶ
985 3564 1032 3606 τῶν
1045 3560 1076 3621 φί-

302 3695 325 3745 ι’.
340 3697 422 3753 Ὅπως
437 3698 459 3747 τ’
476 3699 545 3749 ἔλαβε
556 3701 654 3757 πολλοὺς
671 3702 834 3764 αἰχμαλώτους
848 3703 862 3750 δ
876 3700 1022 3754 Βαβυλώνιος
1035 3702 1075 3748 καὶ

333 3766 470 3829 ἀναθήματα
486 3771 606 3832 βαστάσας
617 3773 644 3822 ἐκ
655 3777 696 3821 τού
708 3774 769 3835 ἰεφού
779 3773 914 3835 ἀνέστρεψεν
926 3773 958 3827 εἰς
971 3770 1076 3818 Redoleb-

333 3854 375 3896 να,
386 3840 426 3888 τὸν
440 3839 550 3903 Ἰεχονίου
560 3845 620 3892 δεῖεν
634 3844 743 3892 Σεδεκίαν
758 3849 804 3891 τῶν
813 3844 1000 3905 Ἱεροσολυμιτῶν
1013 3844 1077 3903 βασι·

333 3907 375 3954 λέα
383 3912 539 3968 καταστήσας.

303 3976 341 4027 ια’.
356 3980 393 4034 Ὡς
409 3983 448 4029 καὶ
459 3988 541 4031 τοῦτον
553 3983 654 4040 ἀκούσας
666 3984 788 4045 βούλεσθαι
806 3984 862 4046 πρὸς
873 3983 926 4037 τούς
938 3982 1075 4043 Αἰγυπτίους

333 4052 468 4113 συμμαχίαν
477 4055 619 4109 ποιήσασθαι
633 4055 673 4102 καὶ
683 4056 767 4116 φιλίαν,
777 4053 916 4115 στρατεύσας
927 4052 964 4100 ἐπὶ
972 4054 1001 4101 τὰ
1011 4054 1075 4116 Ἱερο·

332 4121 437 4182 σόλυμα,
450 4124 510 4170 κατὰ
519 4126 601 4186 κράτος
610 4128 704 4186 αἰρεῐτῄ
716 4124 849 4187 πολιορκίαιΙ
862 4125 902 4171 καὶ
917 4125 957 4172 τὸν
971 4126 1025 4172 ναὸν
1037 4124 1074 4185 ἑμ-

331 4191 423 4251 πρήσας
436 4193 476 4240 τὸν
485 4199 531 4240 τῶν
541 4195 730 4255 Ἱεροσολυμιτῶν
739 4194 813 4256 δῆμον
823 4194 912 4242 καὶτὸν
922 4194 1030 4242 Σεδεκίαν
1040 4212 1076 4256 με·

333 4262 383 4321 τῴκ
391 4276 430 4309 σεν
442 4265 475 4318 εἰς
486 4265 618 4312 Βαὸυλῶνα.

301 4331 338 4380 τύ.
356 4334 395 4389 Ὡς
406 4337 637 4400 Ναβουχοδονόσορος
650 4338 788 4395 τελεατήσος
798 4336 907 4400 διάδοχον
918 4340 1026 4386 κατέλιπε
1035 4344 1075 4395 τῆς

333 4404 450 4466 βασιλείας
465 4410 504 4457 τὸν
515 4411 565 4457 uide
576 4411 615 4456 καὶ
627 4412 659 4463 ὡς
675 4408 812 4456 καταλύεται
824 4410 838 4465 A
852 4408 940 4456 τούτων
957 4408 1017 4470 ἀρχή
1029 4410 1075 4457 ύπδ

333 4478 409 4538 Κύρου
418 4483 459 4526 τοῦ
470 4483 566 4542 Περσῶν
573 4480 696 4542 βασιλέως.
704 4480 743 4526 καὶ
751 4479 797 4525 ὅσα
806 4479 891 4534 συνέβη
898 4483 946 4530 τοῖς
955 4476 1075 4533 Ἰουδαίοις

333 4550 394 4599 κατὰ
402 4554 484 4597 τοῦτον
491 4550 531 4598 τὸν
540 4551 619 4612 καιρὸν
629 4550 693 4611 παρὰ
703 4554 751 4603 τοῖς
760 4547 922 4603 Βαβυλωνίας.

343 4642 463 4723 Περιέχει
474 4648 491 4713 ἡ
504 4642 590 4720 βίβλος
601 4640 694 4721 χρόνον
706 4643 770 4699 ἐτῶν
783 4639 854 4721 ρπβ,
869 4643 953 4717 μῆνας
964 4640 999 4710 ς’,
1009 4637 1075 4715 ἡμέ-

301 4752 348 4807 ρας
362 4753 387 4790 ι.

606 4822 767 4847 w

620 4922 710 4979 libo.
731 4919 777 4979 A'.

341 5036 457 5103 Ἐζεκίου
471 5045 516 5096 τοῦ
530 5041 582 5096 τῶν
594 5038 640 5097 δύο
650 5042 736 5120 φυλῶν
750 5038 876 5118 βασιλέως
888 5039 1009 5119 τέταρτον
1024 5040 1073 5112 ἤδη

301 5124 346 5182 καὶ
354 5122 459 5188 δέκατον
467 5124 522 5191 ἔτος
528 5132 573 5195 τῆς
582 5127 721 5205 ἡγεμονίας
728 5127 864 5205 έχοντος,δ
873 5132 924 5185 τῶν
934 5128 1074 5208 Ἀσσυρίων

302 5210 436 5291 βασιλεὺς,
450 5212 627 5292 Σεναχήριύος
637 5215 732 5291 ὄνομα,
747 5218 881 5295 στρατεύει
891 5219 958 5295 μετλ
979 5218 1075 5286 πολλῆς

1121 682 1151 731 de
1163 684 1209 733 illis
1224 684 1299 745 iungis
1309 688 1470 746 opyorlunum
1481 682 1630 735 babebimus.

1349 828 1463 889 LIBER
1483 828 1663 889 DECIMUS.

1430 990 1590 1013 —QOQ—

1124 1106 1141 1142 l.
1157 1100 1275 1155 Experllllo
1287 1112 1300 1145 ιι
1311 1100 1463 1145 senacheribo
1472 1104 1619 1157 Assyriorum
1630 1114 1684 1159 rege
1693 1102 1753 1149 lnoln
1763 1104 1784 1149 ln
1795 1106 1877 1151 Hieroso

1147 1168 1220 1221 lyme.
1233 1171 1254 1212 ri
1266 1168 1366 1213 obsessio
1379 1170 1436 1225 regis
1447 1170 1530 1215 borum
1540 1168 1632 1215 Etenim.

1120 1240 1140 1279 2.
1155 1236 1277 1291 Quomodo
1296 1239 1441 1292 Assyriorum
1460 1240 1575 1284 exercilus
1594 1250 1640 1283 une
1655 1243 1724 1284 nocie
1737 1243 1795 1296 prsis
1808 1241 1877 1285 nisum·

1147 1307 1200 1361 plus
1210 1309 1256 1358 esi,
1267 1308 1289 1351 el
1308 1318 1348 1349 rex
1370 1318 1450 1351 eorum
1466 1308 1562 1353 doenum
1573 1318 1680 1353 εενετευε
1697 1308 1795 1353 liliorum
1808 1312 1876 1353 insidiis

1147 1374 1221 1429 perill.

1120 1450 1141 1488 il.
1178 1444 1278 1489 uomodo
1291 1446 1396 1507 ¹lieooins.
1414 1457 1486 1501 uuum
1499 1457 1539 1500 per
1553 1447 1677 1543 Ιοεεφιιεαι
1692 1449 1780 1502 lemnus
1798 1448 1817 1491 ln
1836 1460 1875 1503 ινα

1148 1497 1254 1550 vixisset,
1267 1496 1334 1561 'diem
1352 1498 1422 1553 obiit,
1437 1501 1552 1553 bunasse,
1574 1511 1606 1555 qu
1632 1501 1654 1544 el
1669 1501 1694 1544 ln
1713 1512 1801 1555 mgnum
1817 1512 1874 1545 succe

1119 1549 1224 1657 ndeedd
1232 1550 1394 1647 ι(ἸἸΙίιίίάίτιιτιιιτι
1408 1606 1430 1648 el
1442 1604 1621 1658 Babyloniorum
1635 1617 1700 1661 reges
1715 1607 1822 1651 Alrnsssm
1832 1606 1875 1649 irio

1146 1671 1235 1726 sdorll‚
1245 1676 1268 1717 el
1282 1674 1376 1718 violorls
1391 1674 1469 1730 pollii,
1482 1676 1556 1730 ipsum
1575 1676 1694 1731 motivum
1707 1675 1788 1721 leolum
1799 1678 1874 1731 Asinio

1146 1752 1198 1785 nem
1212 1741 1330 1787 duxerunl
1345 1744 1380 1796 el,
1395 1746 1516 1797 ooslouurn
1530 1742 1577 1787 llllo
1591 1743 1661 1799 longo
1677 1747 1776 1801 lempore
1792 1744 1875 1789 delemus

1147 1810 1234 1865 luerat.
1244 1813 1268 1858 in
1279 1824 1373 1867 regnum
1385 1824 1454 1858 suurn
1466 1815 1610 1859 remiserunl.

1120 1880 1141 1918 s.
1155 1874 1278 1929 Quomodo
1288 1875 1379 1920 ileobno
1386 1876 1539 1931 AEgyoliorum
1548 1877 1604 1933 regi,
1612 1878 1873 1933 ouumexerellumoonln

1145 1942 1282 1999 lisb'ylonlos
1299 1944 1414 1989 eduxisset
1430 1948 1503 1999 einer
1516 1944 1618 1990 iudmum
1635 1946 1680 1991 ller
1694 1945 1785 1997 iaoerel.
1794 1948 1818 1990 nd
1832 1958 1871 1991 eun

1146 2012 1313 2069 pronibennnn
1322 2024 1350 2057 εκ
1360 2013 1457 2058 ndrerso
1465 2014 1567 2059 ooourril
1575 2014 1649 2059 lnslss
1658 2026 1709 2067 rex,
1719 2026 1745 2059 ne
1758 2027 1823 2072 pugne
1831 2017 1872 2059 iniis

1147 2082 1199 2139 pon
1213 2082 1297 2127 vulnus
1313 2085 1431 2138 sooeplnm
1446 2082 1601 2138 lilorosoiyms
1616 2082 1709 2129 deletus
1728 2084 1792 2129 diem
1804 2084 1872 2134 liridi.

1146 2149 1240 2205 eiusque
1254 2150 1328 2195 lilium
1339 2153 1419 2196 loozen
1432 2162 1506 2207 regem
1515 2155 1622 2197 cressum
1630 2153 1829 2209 Hierosolymllsni.

1119 2223 1140 2261 o.
1155 2217 1278 2273 Quomodo
1290 2219 1393 2273 Neobeo,
1403 2231 1456 2263 oum
1467 2220 1646 2275 Babyloniorum
1662 2232 1714 2277 rege
1723 2221 1751 2265 sd
1760 2221 1870 2277 Euylirelen
1883 2238 1884 2297 φ

1147 2290 1242 2335 fluvium
1265 2293 1344 2347 prmiio
1368 2304 1514 2347 congressus,
1538 2294 1561 2337 el
1582 2294 1605 2338 ln
1630 2294 1752 2350 AEgyplnm
1773 2295 1870 2341 reserem.

1147 2360 1304 2417 niemsoiyms
1322 2362 1438 2417 veniebat,
1450 2365 1519 2419 nique
1533 2364 1616 2407 Jonzen
1635 2364 1660 2407 ln
1683 2364 1795 2419 ‚llgymlum
1811 2360 1870 2415 deyor

1148 2429 1216 2481 levit,
1229 2432 1324 2487 eiusque.
1342 2429 1435 2477 lrnlrem
1447 2432 1574 2477 lonoimum
1592 2431 1799 2487 Hierosolymorum
1813 2440 1868 2483 αμα

1146 2498 1271 2543 oonsliluil.

1120 2578 1141 2619 7.
1156 2576 1274 2631 Esnedilin
1293 2578 1317 2621 in
1336 2578 1426 2633 Syrium
1446 2590 1460 2621 n
1478 2577 1707 2623 llobuobodonosnro
1719 2576 1868 2631 Babyloniorum

1147 2657 1198 2699 rege
1207 2651 1319 2703 susorum,
1327 2638 1349 2692 el
1359 2648 1481 2703 quomodo.
1490 2660 1562 2703 ouum
1569 2660 1619 2692 eom
1627 2661 1719 2693 ornnem
1727 2647 1835 2701 suiruirsel
1842 2655 1868 2687 oe

1147 2725 1193 2769 que
1206 2714 1234 2758 nd
1254 2716 1310 2760 lines
1330 2718 1498 2772 ,egyptiorum
1514 2718 1673 2773 Hierosolymo
1686 2718 1793 2775 orolrclus
1802 2718 1840 2767 esi,
1853 2714 1869 2755 ei

1147 2796 1221 2840 regem
1237 2786 1362 2833 louobnum
1372 2800 1449 2833 serum
1459 2790 1582 2833 nmioilism
1595 2789 1695 2846 bellique
1703 2788 1869 2835 soclelrlemlnlre

1147 2856 1229 2909 coegit.

1121 2930 1141 2968 8.
1156 2924 1278 2978 Quomodo
1289 2927 1341 2980 posi
1353 2924 1473 2979 Babylonii
1483 2926 1620 2979 discessum.
1630 2928 1745 2973 loeolmus
1753 2926 1811 2969 rebus
1820 2926 1867 2976 ,igy-

1147 2992 1247 3046 oliorum
1259 3004 1337 3037 rursus
1345 2994 1450 3039 sludebnl
1458 3007 1464 3047 ;
1473 2998 1495 3039 el
1503 2996 1740 3041 ilobmbodonosorus
1750 2996 1814 3049 losum
1823 2991 1867 3035 bello

1147 3072 1266 3117 aggressus
1277 3066 1300 3107 el
1311 3064 1432 3108 obsidione
1450 3076 1569 3119 premens,
1580 3066 1638 3110 urbe
1654 3066 1744 3111 lundein
1760 3064 1785 3109 nd
1796 3062 1868 3106 dediiio

1147 3142 1198 3175 nem
1211 3131 1309 3181 reuecta.
1319 3134 1444 3177 loooimum
1456 3134 1549 3189 quidem
1563 3134 1688 3187 inlrrlooll‚
1699 3137 1746 3189 ejus
1760 3130 1866 3176 remilium
1884 3122 1885 3165 l

1146 3200 1289 3245 lonoblmum
1301 3212 1376 3257 regem
1386 3204 1504 3248 oonslituil
1515 3218 1520 3246 :
1533 3207 1617 3259 uiuus,
1630 3216 1703 3260 quum
1718 3206 1804 3247 multum
1818 3210 1867 3255 yser

1147 3270 1191 3313 nlae
1210 3280 1238 3313 ex
1255 3270 1417 3325 Hierosolymis
1435 3272 1571 3327 nooepissel‚
1591 3274 1668 3317 slsllm
1687 3274 1771 3329 syrium
1786 3277 1867 3314 resersus

1149 3340 1191 3381 esi.

1120 3418 1140 3458 υ.
1155 3414 1234 3471 Quod,
1244 3426 1317 3470 quum
1326 3426 1378 3459 eom
1389 3416 1521 3471 pnnilueril
1529 3416 1591 3471 onon
1599 3418 1740 3463 losohlmum
1750 3426 1815 3471 regem
1823 3414 1865 3457 ἰτα-

1146 3484 1188 3535 ril.
1200 3481 1346 3539 expeditione
1358 3484 1470 3528 adversus
1487 3486 1648 3541 Hierosolyma
1659 3489 1770 3542 suseepls.
1778 3479 1865 3527 lorebinl

1147 3553 1240 3608 politur,
1252 3554 1293 3608 oui
1302 3555 1372 3597 semel
1385 3552 1405 3597 ei
1415 3552 1503 3597 dedidll
1513 3564 1559 3597 uns
1572 3564 1626 3599 oum
1639 3558 1712 3601 melre
1722 3552 1825 3599 deuios
1884 3564 1885 3581 1

1123 3698 1153 3738 lo.
1178 3694 1300 3750 Quomodo
1319 3694 1458 3749 lisbylonlus
1477 3696 1561 3740 mullos
1580 3696 1864 3752 sollemnissimum

1146 3763 1242 3809 doneris
1264 3775 1276 3807 e
1295 3764 1381 3819 lemnio
1406 3764 1538 3817 erlulissel,
1563 3763 1703 3819 iiobyionem
1723 3772 1812 3807 serenus
1829 3758 1863 3805 oi·

1146 3832 1238 3877 sedecia
1248 3830 1362 3877 leoboniae
1376 3834 1459 3889 pulmo
1472 3834 1732 3888 lilerosolymilnnorom
1746 3826 1862 3885 regemnsll·

1147 3904 1204 3947 iulo.

1121 3995 1153 4033 11.
1167 3986 1299 4044 Quomodo.
1311 3985 1389 4031 nodilo
1398 3986 1459 4041 quod
1471 3986 1525 4032 bulo
1533 3986 1577 4043 ipsi
1586 3988 1609 4031 ln
1621 3988 1699 4033 snlmo
1707 3980 1862 4031 erslsonielelm

1145 4060 1168 4101 ei
1181 4056 1303 4100 umloilinm
1321 4066 1374 4099 cum
1391 4056 1498 4111 egyptiis
1510 4056 1579 4110 inire,
1589 4058 1662 4112 copiis
1673 4058 1719 4101 suls
1736 4050 1863 4102 iiisrosobifli

1145 4134 1273 4178 eggressus.
1287 4123 1366 4165 urbem
1382 4120 1501 4167 obsidione
1511 4123 1608 4167 olnolnm
1625 4118 1862 4179 expugnsl;lemy10i⁰⁰

1144 4196 1237 4249 orosio,
1250 4192 1508 4246 Hierosolymilenorum
1523 4194 1636 4248 populum
1648 4198 1670 4239 el
1686 4194 1791 4239 Sedeolnm
1806 4186 1861 4237 lidii·

1146 4264 1220 4308 inoem
1239 4263 1360 4308 lrsnslulll.

1121 4344 1153 4386 io.
1167 4340 1288 4396 Quomodo
1306 4339 1546 4385 Nabuchodonosorns
1564 4341 1610 4385 vlle
1625 4340 1743 4387 defunctus
1754 4340 1793 4387 erl.
1802 4332 1860 4377 “Ml

1145 4410 1194 4453 lilio
1205 4410 1245 4464 oui
1257 4409 1280 4451 in
1292 4420 1385 4463 regnum
1399 4409 1519 4461 suooessil‚
1534 4412 1604 4464 uloue
1614 4410 1755 4464 Assyriorum
1764 4401 1859 4459 impediti

1144 4491 1248 4524 mersum
1257 4481 1291 4523 esl
1301 4482 1384 4533 scyro
1395 4480 1512 4522 Persarum
1526 4490 1585 4533 roge,
1595 4482 1617 4524 el
1626 4491 1677 4534 nun
1687 4478 1764 4524 iudeis
1772 4474 1808 4520 sub
1815 4470 1859 4514 ΗΜ

1145 4553 1234 4605 lemnos
1244 4548 1376 4593 noelderunl
1387 4559 1401 4592 n
1411 4548 1549 4604 babyloniis.

1159 4639 1290 4698 Continet
1301 4636 1347 4695 hic
1360 4638 1430 4696 iiber
1442 4646 1554 4713 tempus
1569 4656 1707 4700 annorum
1720 4628 1857 4699 clxxxii.

1119 4734 1229 4775 meuses
1243 4716 1293 4787 Vl,
1307 4716 1367 4774 dies
1382 4716 1416 4774 x.

1417 4826 1559 4849 *⁴0⁰*-

1453 4945 1531 5003 CAP.
1554 4946 1567 5009 Ι

1149 5072 1228 5124 Quum
1238 5070 1439 5119 Ereoinsdunrnm
1448 5072 1553 5121 tribuum
1566 5088 1605 5123 rer
1616 5086 1703 5123 sonum
1711 5072 1755 5134 jem
1764 5064 1854 5115 dromon

1118 5159 1229 5216 φναν-ινιτ
1250 5156 1272 5204 in
1293 5156 1391 5218 imperio
1407 5164 1500 5220 ageret,
1513 5162 1663 5222 Assyriorum
1678 5176 1716 5211 rex
1731 5154 1812 5207 nomine
1825 5150 1854 5196 S*

1118 5241 1271 5301 sublimibus,
1285 5256 1370 5305 magno
1381 5248 1486 5294 mereim
1507 5256 1604 5308 concio,
1626 5249 1686 5299 bello
1702 5259 1750 5297 eum
1764 5238 1852 5291 sdodllb
