3859 6084
270 471 307 522 ⁷⁶
371 459 463 538 (ναν)

269 614 281 638 s
298 585 373 666 ίσχθν
386 583 544 656 ἐπιδείξηται
553 582 600 654 τὴν
614 586 706 640 ἑαυτοῦ
719 582 764 642 καὶ
774 581 821 654 τὴν
834 581 894 663 περὶ
903 588 974 660 ἡμᾶς
985 579 1050 663 πρό·

270 703 282 726 ε
295 697 375 734 νοιαν.
391 672 495 752 οὐγὰρ
510 672 554 730 ἐπί
570 672 670 750 μικροῖς
689 669 719 728 τδ
731 674 797 729 θεῖον
809 670 856 741 τὴν
870 673 963 728 ἑαυτοῦ
983 693 1050 748 σομ-

270 790 282 812 «
300 761 400 842 μσχίαν
413 751 452 828 οἷς.
463 759 494 818 διν
509 751 625 838 εῦνουνῇ
642 758 754 830 δίδωσιν,
774 758 832 816 ἀλλ’
848 758 886 838 ἐρ’
900 749 937 824 οἷς
950 762 1051 838 ἀνθρω-

271 877 283 900 a
297 849 375 920 πίνην
388 849 480 907 ἐλπίδα
497 845 534 926 μὴ
556 845 640 926 βλέπῃ
655 845 717 925 πρὸς
730 844 760 903 τὸ
774 849 889 925 κρεῖττον
905 850 1050 925 παροῦσαν.

243 965 283 1001 5«
297 936 380 998 Ὅθεν
390 936 498 1017 τοιούτῳ
514 939 600 1015 βοηθῷ
615 934 828 1012 πεπιστευκότες,
844 926 865 1015 ᾧ
885 931 1051 1010 δύναμιςκαὶ

270 1054 282 1076 a
294 1025 327 1083 τά
339 1024 420 1105 μικρά
434 1029 543 1094 ποιῆσαι
556 1025 659 1100 μεγάλοι
671 1022 717 1080 καὶ
732 1025 782 1080 τῶν
798 1021 957 1094 τηλικούτων
974 1019 1051 1079 datl-

272 1136 368 1172 ινειαν
387 1111 635 1192 καταψηφίσασθαι,
656 1109 693 1186 μὴ
712 1109 918 1189 καταπέπληχθε
938 1108 986 1179 τὴν
1000 1111 1052 1168 Αἰ-

748 451 1028 514 ΑΡΧΑΙΟΛΟΓΙΑΣ
1049 451 1145 512 ΒΙΒλ.
1166 455 1200 512 Β.
1222 453 1315 516 sto.
1336 451 1393 529 IC.

1748 461 1873 543 [ωσι

1097 612 1109 636 α
1121 606 1205 656 ρυεεε,
1218 608 1250 646 ex
1260 595 1291 644 lis
1308 608 1354 645 ros
1369 595 1490 659 eripiendo
1499 602 1525 648 et
1536 599 1670 661 potentiam
1683 613 1754 650 soem
1770 604 1876 654 ostende·

1095 702 1109 726 ι
1120 685 1158 732 ret
1166 688 1191 733 et
1199 684 1262 732 circa
1276 697 1321 735 nos
1329 684 1511 747 providentium.
1528 689 1593 736 Deus
1603 687 1670 737 enim
1681 689 1724 749 iis,
1736 676 1799 752 qnos
1811 691 1878 740 bene·

1096 769 1224 818 «volentia
1233 770 1393 832 prosequitur,
1412 784 1460 820 non
1474 771 1554 834 porris
1569 772 1593 820 iu
1605 773 1680 822 rebus
1695 787 1770 823 suurn
1789 788 1879 826 accom-

1096 875 1108 898 ν
1119 857 1200 907 modat
1208 857 1334 919 auxilium,
1348 858 1390 908 sed
1400 861 1452 908 tum
1461 859 1655 922 demum,qunm
1667 862 1736 912 ridet
1745 862 1881 914 hominibus

1096 963 1109 988 a
1120 944 1209 994 nullam
1219 959 1344 1008 superesse
1354 960 1422 1010 spem
1431 947 1567 998 meliorum.
1586 949 1655 998 Unde
1664 963 1711 1000 vos
1722 951 1764 1000 tali
1775 951 1882 1013 adjutore

1097 1051 1109 1073 s
1122 1032 1209 1093 trelos,
1221 1033 1296 1104 qui‘et
1306 1048 1380 1098 parra
1391 1035 1415 1084 in
1425 1049 1511 1097 magns
1520 1039 1600 1098 potest
1607 1037 1743 1097 extollere,
1753 1044 1882 1088 tenuium·

1097 1137 1110 1162 ο
1122 1133 1169 1182 que
1180 1121 1303 1182 copiarum
1317 1121 1380 1171 vires
1397 1122 1539 1172 imminuere
1556 1128 1580 1172 et
1594 1123 1740 1184 debilitare,
1756 1138 1788 1174 ne
1798 1128 1884 1174 teneat

271 1231 284 1253 ιι
301 1201 416 1280 γνπτίων
429 1198 612 1282 παρασκευὴν,
628 1197 688 1275 μηδ’
698 1197 737 1255 ότι
751 1197 872 1256 θάλασσα
886 1197 931 1258 καὶ
942 1195 1052 1255 κατόπιν

270 1317 282 1341 ι
298 1293 358 1366 ύμῖν
369 1289 417 1368 ὅρη
430 1293 511 1369 φυγῆς
522 1287 579 1345 ὁδὸν
593 1288 621 1344 οῦ
637 1284 802 1364 παρέχοντα,
819 1283 862 1343 διδ
876 1287 945 1342 τοῦτ’
959 1286 1052 1361 ἀπογι-

232 1397 256 1435 lo
270 1406 281 1428 ιι
294 1375 407 1435 νιύσκετε
418 1379 464 1446 τῆς
479 1373 616 1452 σωτηρίας·
629 1371 728 1450 γε’νοιτο
740 1371 790 1454 γθρ
802 1371 833 1430 δν
848 1371 893 1430 καὶ
907 1374 980 1430 ταῦθ’
992 1374 1052 1448 ύμῖν

270 1492 283 1518 ι
298 1463 376 1523 πεδία
390 1468 437 1521 τοῦ
450 1467 519 1526 Θεοῦ
534 1461 705 1538 θελήσαντος,
716 1459 804 1537 καλγῆ
820 1459 850 1517 τὸ
861 1458 983 1537 πέλαγος.
1000 1485 1012 1510 ν

569 1595 661 1653 nuo.
685 1591 747 1670 ις.

1097 1227 1109 1250 ν
1122 1209 1285 1270 AEgyplioronn
1300 1215 1427 1272 apparetur
1448 1226 1455 1259 ι
1474 1225 1553 1273 neque
1568 1215 1667 1274 propter
1683 1211 1767 1274 lugam
1779 1214 1840 1262 mari
1859 1217 1884 1263 et

1098 1315 1109 1336 ι
1120 1297 1265 1346 montibusa
1276 1302 1341 1359 tergo
1353 1297 1491 1360 impeditam
1500 1297 1531 1346 de
1541 1297 1618 1346 salute
1626 1296 1760 1360 desperate
1771 1315 1779 1359 ς
1792 1312 1847 1348 nam
1859 1305 1883 1346 ot

1098 1402 1110 1424 ι
1123 1383 1175 1444 isti,
1189 1387 1240 1434 Deo
1250 1388 1290 1434 itu
1306 1385 1414 1447 volente,
1425 1385 1494 1436 robis
1504 1386 1766 1449 cruntinplanitiem,
1780 1391 1805 1435 et
1820 1400 1883 1436 mors

1098 1490 1110 1514 ι
1123 1474 1229 1521 vertetur
1239 1472 1264 1522 in
1274 1477 1368 1523 terram.
1383 1493 1396 1516 ν

1388 1593 1472 1653 CAP.
1494 1593 1576 1654 XVI.

1128 1741 1186 1788 tinec
1199 1751 1274 1802 quum
1285 1739 1398 1802 diximet,
1407 1753 1450 1791 eos
1464 1741 1496 1792 sd
1508 1755 1574 1793 mare
1582 1742 1705 1806 duoshst,
1720 1744 1881 1808 spectantibus

1098 1827 1221 1889 AEgyptits
1253 1829 1879 1894 usninconspeesnennt,er,peueqnenditauore

1098 1903 1204 1966 latigati,
1221 1919 1324 1968 pugnrun
1339 1906 1505 1957 incrastinum
1515 1906 1580 1958 diem
1595 1909 1722 1958 differres
1738 1923 1816 1959 resoa
1829 1923 1879 1958 esse

1097 1992 1272 2042 existimabant.
1306 1997 1339 2042 Ul
1349 1994 1454 2056 primurn
1467 2009 1524 2044 vcro
1538 1996 1568 2044 ed
1581 1996 1652 2046 littus
1663 2001 1763 2046 venerat
1772 1999 1876 2058 Moyses,

1097 2073 1191 2131 arrepta
1207 2072 1284 2133 virga,
1297 2075 1388 2134 Βουω,
1404 2078 1432 2122 ut
1446 2074 1536 2123 auxilio
1547 2075 1593 2124 sihi
1608 2074 1674 2126 leret
1689 2078 1716 2125 et
1730 2076 1877 2138 sdjnmento,

1098 2158 1193 2207 invocat
1209 2158 1274 2208 hisce
1293 2160 1371 2210 rcrbis
1390 2175 1396 2209 :
1419 2180 1432 2204 ι
1450 2165 1477 2212 tu
1492 2163 1602 2224 quidem,
1618 2177 1636 2212 ο
1648 2163 1760 2224 domine,
1782 2164 1875 2212 minime

310 1729 434 1786 Τοσαῦτα
446 1723 525 1784 εἰπὼν
544 1716 606 1804 ἦγεν
618 1723 711 1790 αὐτούς
725 1722 768 1782 ἐπί
777 1720 825 1793 τὴν
839 1721 989 1796 θάλασσαν,
1001 1723 1053 1779 τῶν

271 1813 421 1892 Αἰγυπτίων
436 1813 564 1892 δρώντων.
607 1813 654 1872 Ἐν
668 1811 726 1892 ὄψει
746 1833 774 1868 τε
796 1809 846 1890 γάρ
864 1801 932 1881 ἦσαν
952 1809 1053 1888 καὶτῷ

271 1901 342 1982 πόνῳ
353 1900 613 1980 τεταλαιπωρημένοι
624 1905 669 1970 τῆς
682 1898 790 1966 διώξεως
805 1900 840 1964 εἰς
856 1897 904 1968 πλην
916 1894 1053 1977 ὑστεραίαν

232 2002 256 2040 15
270 1987 317 2060 τλν
337 1988 426 2068 μάχην
441 1987 650 2068 ύπερύάλλεσθαι
665 1989 751 2050 καλῶς
767 1984 836 2064 ἔχειν
858 1982 1054 2060 θπτλάμόανον.

271 2075 349 2136 Ἐπεὶ
364 2077 390 2133 δὲ
411 2075 475 2153 πρὸς
497 2079 534 2156 τῷ
555 2077 666 2154 αἰγιαλῷ
689 2076 805 2143 Μωῦσῆς
822 2070 948 2149 ἐγεγόνει,
963 2067 1054 2128 λαόὼν

271 2161 318 2234 τὴν
340 2162 485 2242 βακτηρίαν
511 2160 554 2220 τὸν
568 2161 636 2222 Θεὸν
656 2159 754 2219 ίκέτευε
778 2158 822 2218 καί
849 2157 989 2237 σύμμαχον
1009 2157 1055 2214 καί

274 2249 367 2328 βοηθὸν
386 2249 473 2308 ἐκάλει
490 2248 573 2325 λε’γων
587 2247 680 2320 οῦτως,
695 2276 708 2301 ι
723 2249 777 2306 οὐδ’
793 2245 868 2313 αὐτὸς
880 2243 927 2322 μὲν
939 2250 1054 2321 ἀγνοεῖς,

272 2364 283 2386 ι
299 2325 320 2394 ὦ
335 2333 463 2408 δέσποτα,
483 2335 522 2393 δτι
539 2343 628 2416 ρυγεῑν
640 2338 704 2412 ἡμῖν
725 2337 754 2393 ἐκ
773 2337 825 2392 τῶν
839 2332 975 2413 παρόντων
996 2329 1054 2390 οὔτε

232 2442 259 2480 εν
274 2451 285 2474 s
300 2421 369 2482 κατὰ
391 2422 481 2505 ῥώμην
495 2422 553 2482 ούτε
574 2423 634 2480 κατ’
647 2420 762 2481 ἐπίνοιάν
787 2425 857 2480 ἐστιν
881 2418 1054 2499 ἀνθρωπίνην,

272 2539 283 2561 ·
300 2513 358 2570 ἀλλ’
369 2512 420 2584 ἤδη
434 2535 459 2571 τι
480 2511 583 2576 πάντως
597 2511 723 2592 σωτήριον
734 2513 852 2592 στρατῷ,
869 2513 906 2591 τῷ
920 2508 990 2567 κατὰ
1007 2507 1055 2578 την

273 2624 284 2649 ι
300 2599 348 2670 σὴν
363 2597 486 2677 βούλησιν
505 2597 595 2679 ἀρέντι
609 2598 656 2669 τὴν
671 2597 812 2674 Αἴγυπτον,
826 2596 870 2655 σόν
885 2599 954 2655 ἐστιν
975 2598 1056 2654 ἐκπο-

273 2712 285 2736 «
301 2686 387 2765 ρι’ζειν.
404 2686 496 2761 Ἡμεῖς
507 2711 536 2746 τε
551 2685 635 2758 ἄλλην
650 2684 827 2762 ἀπεγνωκότες
842 2683 934 2742 ἐλπίδα
946 2683 992 2741 καὶ
1001 2705 1055 2758 μη-

274 2797 283 2822 ·
298 2773 391 2851 χινὴν,
402 2777 437 2842 τίς
450 2773 497 2846 την
510 2773 563 2832 ἀπὸ
575 2779 621 2833 σοῦ
633 2775 711 2852 μόνου
722 2772 931 2852 καταφεύγομεν,
941 2770 987 2829 καὶ
996 2769 1020 2828 εί
1029 2793 1055 2827 τι

233 2877 260 2914 2⁵
276 2885 287 2912 s
303 2861 376 2940 παρὰ
392 2866 438 2933 τῆς
459 2867 506 2934 σῆς
519 2861 641 2942 προνοίας
661 2861 730 2920 ἔλθοι
749 2859 894 2941 ἐξαρπάσαι
909 2863 956 2930 τῆς
974 2861 1056 2936 λίγυ-

276 2975 287 2999 o
303 2949 383 3007 πτίων
398 2952 476 3028 ὀργῆς
488 2954 559 3026 ἡμᾶς
575 2949 717 3026 δυνάμενον
737 2951 884 3030 άροριῦμεν.
926 2945 1056 3027 Ἀφίκοιτο

275 3062 288 3086 ι
305 3033 332 3093 δὲ
349 3042 424 3094 τοῦτο
438 3035 551 3114 ταχέως,
572 3034 620 3107 τὴν
635 3033 683 3108 σὴν
704 3033 843 3116 ἐμφανίζον
857 3039 920 3110 ἡμῖν
936 3033 1055 3110 δύναμιν,

276 3149 289 3174 s
304 3121 348 3182 καί
358 3122 401 3180 τδν
412 3122 486 3200 λαδν,
507 3123 556 3181 ύπδ
572 3122 738 3190 ἀνελπιστίας
752 3119 978 3180 καταπεπτωκότα
993 3119 1057 3201 πρὸς

277 3211 333 3270 «τὸ
353 3212 450 3291 χεῖρον,
465 3211 611 3283 άνάστησον
632 3213 666 3278 είς
687 3209 810 3288 εὐθυμίαν
822 3210 867 3268 καὶ
881 3210 910 3266 τθ
932 3208 992 3289 περί
1010 3213 1057 3279 τῆς

234 3324 262 3361 uu
276 3326 290 3351 ι
303 3298 434 3379 σωτηρίας
454 3299 555 3378 θάρσος.
598 3297 645 3358 Ἐν
658 3301 704 3357 οῦκ
716 3295 860 3378 άλλοτρίσις
875 3296 898 3355 δ’
914 3296 992 3374 ἐσμὲν
1005 3301 1057 3362 τοῖς

276 3415 287 3440 ι
303 3387 424 3467 ἀπόροις,
438 3386 506 3445 άλλδι
517 3385 551 3458 σὴ
566 3385 613 3463 μὲν
628 3391 645 3457 ἡ
663 3385 799 3458 θάλασσα,
814 3383 858 3443 σθν
883 3383 910 3443 δέ
934 3384 964 3442 τὸ
984 3407 1057 3464 περι-

276 3503 288 3528 s
303 3479 388 3534 κλεῖον
402 3479 473 3552 ἡμᾶς
486 3475 556 3556 ὄρος,
569 3479 603 3541 ὡς
617 3477 751 3552 ἀνοιγῆναι
764 3471 810 3550 μὲν
822 3477 897 3531 τοῦτο
910 3477 954 3530 σοῦ
968 3469 1059 3531 κελεύ·

277 3589 290 3617 e
305 3585 412 3642 σαντος,
423 3567 599 3644 ἠπειρωθῆναι
609 3563 636 3621 δέ
648 3563 693 3621 καὶ
704 3561 734 3620 τὸ
744 3561 871 3638 πέλαγος,
882 3550 947 3619 εἶναι
958 3559 985 3619 δέ
995 3562 1058 3637 ἡμῖν

276 3679 288 3704 n
304 3654 450 3730 ἀποδρᾶναι
465 3651 509 3710 καί
523 3652 555 3710 δι’
577 3649 665 3730 ἀέρος,
678 3649 754 3719 δόξαν
767 3649 840 3728 ἰσχύϊ
860 3653 892 3727 τῇ
912 3653 945 3730 σῇ
965 3653 1057 3707 τοῦτον

236 3761 263 3800 οε
278 3767 289 3789 ιι
302 3743 373 3814 ἡμᾶς
385 3737 511 3807 σώζεσθαι
523 3738 566 3797 τὸν
578 3737 681 3815 τρόπον.
696 3763 708 3788 n

283 3865 284 3870 =
317 3825 352 3904 β’.
368 3829 492 3886 Τοσαῦτα
507 3826 657 3892 ἐπιθειάσας
667 3823 801 3904 τύπτειτῇ
816 3822 946 3904 βακτηρίᾳ
957 3821 1005 3894 τὴν
1014 3821 1060 3882 θά-

1099 2255 1111 2278 «
1124 2236 1231 2298 inroras,
1244 2239 1310 2301 quod
1319 2239 1406 2288 trustra
1414 2240 1505 2291 viribus
1514 2246 1557 2291 sut
1566 2243 1714 2312 rogitatione
1725 2243 1826 2291 humane
1839 2244 1874 2292 ni-

1099 2325 1196 2374 «timor
1212 2329 1238 2374 nt
1260 2326 1322 2376 nasis
1348 2329 1474 2390 presentie
1496 2330 1600 2379 vitemus
1629 2334 1704 2393 atque
1731 2331 1873 2392 effugemus.

1099 2425 1111 2447 α
1124 2404 1171 2454 sed
1179 2405 1229 2465 iarn
1244 2408 1314 2455 tuum
1330 2412 1367 2456 cst
1378 2407 1469 2470 aliquid
1481 2408 1550 2471 plsnc
1562 2410 1668 2460 salutm
1677 2411 1790 2461 escrdtui
1807 2423 1871 2471 expe

1100 2492 1188 2554 «dire,
1200 2493 1241 2555 qui
1261 2498 1309 2543 ture
1324 2494 1479 2558 obsequendo
1498 2497 1614 2546 voluntati
1630 2502 1759 2562 AEgyptnm
1776 2496 1870 2559 reliquit.

1100 2600 1112 2622 a
1126 2584 1174 2630 llos
1183 2582 1261 2642 enim,
1277 2582 1322 2632 elia
1333 2584 1397 2632 omni
1409 2584 1440 2634 dc
1450 2597 1493 2646 spe
1504 2585 1589 2646 dejecti
1600 2591 1626 2635 et
1642 2587 1742 2636 consilio
1757 2585 1869 2644 destituti,

1100 2689 1112 2711 ι
1124 2669 1153 2719 sd
1164 2675 1188 2719 te
1198 2670 1277 2720 solum
1286 2671 1448 2734 confugimus,
1457 2677 1522 2721 tuem
1532 2687 1602 2738 opem
1612 2674 1781 2738 implorantem
1791 2679 1814 2722 et
1822 2687 1866 2721 sos

1101 2776 1114 2800 s
1124 2758 1205 2820 pensis
1214 2759 1300 2808 animis
1309 2764 1475 2822 exspectamus
1486 2761 1544 2823 quid
1556 2765 1597 2812 tun
1607 2763 1678 2812 nobis
1686 2763 1811 2812 constituet
1821 2773 1867 2822 pro·

1100 2863 1114 2888 ι
1126 2845 1244 2908 ridentis,
1256 2849 1322 2896 ulex
1340 2848 1506 2911 AEgyptiorum
1518 2849 1552 2898 ire
1561 2849 1693 2900 lucentium
1710 2851 1815 2899 mentoris
1827 2848 1868 2896 eri·

1100 2953 1113 2975 a
1126 2934 1226 2995 piamur.
1244 2934 1361 2997 Quicquid
1372 2940 1453 2984 sutem
1467 2937 1512 2985 Ιιοο
1521 2937 1568 2998 sit,
1579 2950 1655 2999 quern
1664 2937 1773 2987 οσῖσοῖωε
1783 2935 1866 2994 veniet,

1101 3036 1113 3060 a
1126 3023 1190 3066 tuam
1198 3019 1267 3068 nobis
1278 3019 1408 3082 potentiana
1418 3020 1544 3070 ostendens
1555 3037 1561 3070 :
1572 3027 1646 3084 utque
1654 3023 1787 3086 populo,ex
1797 3032 1866 3083 rerum

1100 3125 1113 3150 n
1124 3106 1288 3169 desperatione
1297 3107 1322 3157 in
1333 3109 1400 3171 pejus
1409 3109 1497 3158 labenti
1504 3145 1511 3170 ,
1519 3110 1611 3160 eninm
1621 3111 1734 3173 restitue,
1746 3114 1770 3158 ct
1779 3109 1802 3157 in
1810 3107 1866 3156 salu·

1102 3214 1114 3236 ι
1124 3195 1156 3244 tis
1165 3208 1233 3257 spem
1243 3195 1403 3259 fiduciamque
1418 3198 1490 3258 erige.
1523 3201 1577 3248 Non
1586 3198 1611 3246 in
1623 3198 1679 3249 aliis
1689 3211 1770 3248 sumnus
1777 3195 1866 3245 diilrurl·

1101 3302 1113 3326 ι
1126 3283 1229 3344 tatibus,
1238 3297 1311 3346 quarn
1327 3298 1387 3346 quas
1404 3287 1446 3334 tua
1457 3285 1531 3335 trabes
1546 3285 1571 3335 in
1588 3291 1707 3349 potestate
1721 3301 1728 3334 :
1742 3297 1794 3334 nam
1806 3287 1865 3332 tunso

1102 3390 1115 3414 α
1127 3370 1224 3433 quidem
1233 3376 1270 3421 eat
1283 3385 1362 3434 mare,
1374 3377 1432 3423 tuus
1440 3386 1498 3422 sero
1507 3375 1532 3423 et
1544 3387 1615 3424 mona
1623 3374 1668 3437 ηιιῖ
1677 3387 1721 3424 nos
1729 3369 1864 3422 circumdat:

1103 3477 1115 3501 ι
1128 3462 1162 3508 lta
1172 3464 1201 3509 ut
1217 3459 1257 3509 liic
1269 3459 1382 3523 quidem,
1394 3466 1418 3510 te
1430 3460 1544 3524 jubente,
1556 3462 1643 3525 aperiri
1654 3462 1743 3526 possit,
1755 3472 1814 3509 marc
1827 3469 1864 3504 ve·

1103 3567 1115 3589 ι
1128 3561 1155 3596 ro
1165 3548 1191 3596 in
1200 3551 1286 3597 terrem
1301 3549 1408 3598 convoti
1414 3565 1422 3610 ς
1440 3562 1569 3612 ροοσοωιιε
1578 3550 1652 3599 etism
1661 3561 1785 3613 persercnn
1799 3542 1864 3594 soli·

1103 3654 1115 3678 s
1127 3648 1179 3685 mes
1190 3636 1244 3702 terri
1255 3636 1435 3699 etevsdere,si
1446 3651 1475 3687 so
1485 3637 1609 3687 ωοθοοοσ
1622 3638 1712 3688 secred
1721 3636 1772 3685 nult
1781 3636 1819 3683 tus
1827 3643 1863 3692 po·

1104 3751 1116 3773 t
1128 3731 1210 3782 leniit.
1222 3749 1235 3776 ν

1134 3838 1157 3880 2.
1171 3831 1214 3880 llis
1230 3833 1308 3881 Deum
1319 3835 1429 3894 precatus
1444 3845 1510 3881 unsre
1531 3833 1595 3895 τίειν
1607 3833 1718 3896 percutit.
1734 3828 1799 3882 Istud
1815 3839 1865 3877 nero

276 3917 386 3984 Willis
403 3918 420 3984 ἧ
436 3911 464 3971 δὲ
480 3913 530 3972 ὕπὸ
542 3918 588 3985 τῆς
601 3916 704 3991 πληγῆς
715 3912 845 3990 ἀνεκόπη,
860 3912 905 3970 καὶ
919 3914 953 3977 Εἷς
965 3908 1059 3980 ἑαυτὴν
1102 3929 1150 3980 ictu
1167 3931 1316 3990 reinardilur3
1326 3933 1362 3993 et,
1372 3945 1398 3980 se
1406 3932 1485 3995 ipsum
1498 3931 1522 3980 in
1532 3944 1559 3981 se
1568 3931 1698 3994 recipiens,
1711 3930 1794 3980 nudam
1805 3925 1865 3974 relin-

276 4000 471 4081 ὑποχωρήσασα
488 4001 588 4080 ium
607 4001 699 4082 ἆθίησῑ
717 3999 764 4070 τὴν
783 4005 831 4078 fill
848 3999 906 4058 ὁδὸν
928 3997 1061 4077 Ἑόίαίοῦ
1103 4025 1416 4088 quitterram,quatugaru
1434 4031 1585 4088 capesserent
1598 4027 1701 4077 ltebraei.
1732 4027 1821 4084 Moyses
1830 4031 1866 4068 ou·

277 4079 342 4148 εἶναι
357 4087 506 4168 καὶθυλήν·
549 4087 701 4159 Μωῦσῆθδὲ
714 4087 839 4166 δρῶντθν
853 4085 1060 4166 ἐπιθάνεῑαντῶ
1104 4129 1152 4174 tem
1162 4123 1205 4174 Dei
1221 4124 1371 4186 presentium
1387 4125 1585 4187 perspiciens,et
1603 4120 1865 4174 marcillisdesolosno

236 4197 264 4236 ευ
279 4178 349 4237 Θεοῦ
373 4176 418 4234 καὶ
438 4177 468 4234 τὸ
486 4175 598 4252 πελαγος
619 4175 800 4255 ἐκκεχωρηκὸς
818 4178 905 4241 αὐτοῖς
926 4179 972 4246 τῆς
995 4173 1061 4240 ἰδίας

276 4264 400 4345 ἠπείρου,
415 4268 516 4345 πρῶτος
536 4263 665 4322 ἐνίῦαινεν
684 4266 766 4343 αὐτῇ,
787 4261 904 4329 καὶτοὺς
923 4261 1061 4342 Ἑῦραίους

278 4355 394 4412 ἐκέλευεν
416 4352 524 4412 ἕπεσθαι
543 4350 585 4410 διδ
600 4350 667 4418 θείας
681 4353 739 4408 ὁδοῦ
762 4349 930 4427 ποιουμένους
949 4349 999 4420 τὴν
1015 4372 1061 4407 πο-

279 4441 358 4520 ρείαν,
373 4439 419 4498 καί
432 4443 470 4520 τῷ
481 4439 591 4519 κινδύνῳ
605 4442 655 4496 τῶν
670 4436 804 4518 παρόντων
816 4437 949 4515 πολεμίων
961 4436 1060 4514 ἡδομέ-

279 4551 335 4594 νους
348 4527 393 4586 καί
412 4527 490 4607 χάριν
510 4525 617 4606 ἔχοντας
631 4524 674 4584 διὰ
696 4523 744 4598 τὴν
764 4523 913 4606 παράλογον
936 4523 1017 4591 οθτως
1035 4523 1060 4592 ἐξ
1104 4509 1200 4616 *θεὼ

1105 4615 1176 4653 usin.

240 4635 266 4672 ιο
280 4618 358 4674 αὑτοῦ
371 4613 501 4690 σωτηρίαν
515 4617 700 4696 ἀναφανεῖσαν.

319 4701 354 4780 γ’.
372 4705 432 4762 Τῶν
443 4701 471 4761 δέ
482 4705 529 4760 οὐκ
541 4701 693 4774 ὀκνούντων,
708 4699 765 4760 ἀλλ’
777 4699 887 4778 ίεμένων
900 4699 969 4776 μετδι
982 4721 1060 4758 σπου-

1103 4217 1218 4277 oessisse,
1232 4216 1392 4279 primusroda
1400 4215 1532 4278 ingreditur
1540 4236 1545 4265 :
1553 4215 1786 4278 leuisquenebreos
1792 4206 1865 4269 sequi,

1104 4320 1189 4368 semite
1201 4315 1338 4366 incedentes
1351 4317 1425 4364 sDco
1437 4315 1565 4377 pstetsctn,
1575 4320 1625 4364 lem
1637 4317 1668 4367 de
1679 4314 1778 4364 hostiurn
1787 4321 1825 4358 eos
1834 4306 1865 4352 in·

1104 4408 1245 4460 sectantium
1256 4407 1358 4470 periculo
1369 4405 1465 4456 sibimet
1475 4407 1634 4468 gratulantes,
1646 4419 1717 4469 quem
1731 4409 1778 4454 Deo
1788 4396 1866 4461 grossu

1207 4505 1267 4569 ,qni
1276 4505 1322 4554 illis
1332 4503 1392 4554 adeo
1400 4504 1546 4568 insperatam
1556 4517 1586 4554 ex
1597 4517 1627 4554 eo
1635 4505 1667 4554 ad
1677 4503 1774 4553 salutem
1785 4491 1867 4557 aperuit

1136 4714 1159 4760 ³.
1168 4712 1199 4759 Al
1207 4722 1283 4772 quum
1290 4708 1325 4757 lili
1331 4744 1339 4771 ,
1345 4709 1404 4757 nihil
1413 4707 1575 4758 cunctandum
1585 4709 1644 4768 rstl,
1654 4705 1723 4756 valde
1729 4693 1865 4765 properarent

281 4791 326 4862 δῆς
339 4793 374 4856 ὡς
395 4789 573 4869 συμπαρόντος
588 4791 673 4856 αὐτοῖς
691 4793 735 4848 τοῦ
756 4791 841 4860 Θεοῦ,
860 4788 998 4866 μαίνεσθαι
1016 4785 1063 4862 μὲν
1106 4798 1148 4847 Dei
1164 4796 1290 4858 presentia
1304 4795 1374 4856 freti,
1390 4796 1495 4858 primurn
1506 4795 1610 4845 insanire
1626 4795 1673 4844 risi
1684 4795 1738 4842 sunt
1749 4779 1864 4848 AEti‘l‘ffils

280 4875 372 4942 αύτούς
392 4875 531 4955 Αἰγύπτιοι
549 4877 578 4935 τ“ο
593 4883 694 4959 πρῶτον
706 4876 809 4937 ἐδόκουν
826 4881 860 4940 ὡς
875 4875 917 4934 ἐπὶ
931 4877 1062 4956 πρόδηλον
1107 4883 1183 4946 utqui
1192 4885 1217 4932 in
1226 4883 1436 4933 manifestantem
1446 4883 1588 4945 conjicerent
1599 4882 1734 4945 perniciem.
1751 4874 1865 4929 postquam

281 4963 384 5043 ὄλεθρον
407 4963 579 5044 ὁρμωμένους·
601 4965 656 5024 ἐπεὶ
677 4967 698 5023 δ’
721 4965 808 5044 ἐώρων
825 4963 952 5030 ἀῦλαῦεῖς
977 4962 1021 5022 ἐπὶ
1034 4961 1063 5021 τὸ
1106 4969 1744 5034 rcroeossattssalros-longiusaliquantoprocessisse
1753 4965 1864 5017 waepero·

243 5070 269 5106 w
282 5051 348 5110 πολὺ
371 5051 564 5131 προκεκοφότας
584 5053 628 5111 καὶ
651 5053 731 5129 μηδὲν
748 5056 834 5118 αὐτοῖς
854 5051 978 5128 ἐμπόδιον
996 5052 1063 5127 μηδὲ
1107 5062 1173 5121 runt,
1189 5061 1256 5108 nullo
1276 5060 1324 5110 illis
1340 5063 1481 5110 occurrente
1495 5059 1666 5122 impedimento
1684 5059 1725 5107 aul
1740 5039 1864 5139 difficultate

283 5137 405 5219 δυσχερὲς
423 5141 587 5212 ἀπαντῆσαν,
611 5141 711 5200 διώκειν
733 5141 890 5232 ιίνρμγίκεσαν
905 5137 1011 5211 αὐτούς,
1029 5142 1064 5206 ὡς
1106 5147 1382 5211 objecta,impetulacto
1393 5148 1502 5211 persequi
1510 5161 1552 5197 eos
1561 5149 1693 5211 erepernnt,
1704 5138 1768 5206 qumi
1782 5137 1805 5183 el
1817 5135 1864 5189 ¹l⁵¹³

283 5227 409 5294 κάκείνοις
420 5226 593 5307 ἠρεμήσοντος
608 5234 651 5286 τοῦ
673 5227 815 5304 πελάγους,
834 5227 880 5286 καί
891 5226 1065 5308 προτάξαντες
1107 5236 1131 5286 in
1146 5236 1301 5299 tranquillum
1313 5249 1435 5287 cessurum
1451 5239 1515 5285 esset
1533 5247 1598 5284 mere
1617 5237 1659 5284 :el
1671 5223 1792 5296 puniens
1807 5209 1862 5276 equi·
