3859 6084
293 460 348 507 402
391 452 510 526 μοιμοι.)

285 612 340 646 των
355 587 497 646 ἀκουόντων
512 586 698 668 ἀποφαίνεσθαι
713 590 741 646 τὸ
754 592 843 649 δοκοῦν
858 594 929 675 αὐτῷ
941 595 1000 676 περὶ
1012 600 1063 654 τῶν

288 674 472 755 προκειμένων.

326 764 361 840 γ’.
384 762 438 823 Καὶ
450 766 573 842 δπριῦτος
586 764 682 843 ἤρξατο
693 764 776 842 λέγειν
788 766 834 837 την
846 774 890 825 τοῦ
904 769 972 826 οἴνου
987 768 1064 826 δύνα-

287 867 341 927 μιν,
355 848 435 915 οὕτως
447 849 527 921 αὐτὴν
539 852 694 931 ἐμφανίζων.
707 880 718 900 ι
728 850 831 933 Ἄνδρες
842 854 905 933 γθιρ,
918 848 997 927 εἶπεν,
1012 856 1063 933 ε’γὼ

259 957 300 993 ιιι
315 936 363 1007 τὴν
377 936 453 1015 ίσχθν
468 942 512 996 τοῦ
527 938 595 997 οίνου
609 941 810 1020 τεκμαιρόμενος
825 943 912 999 πάντα
928 944 1061 1024 ύπερόάλ-

287 1052 299 1078 ιι
314 1029 410 1083 λουσαν
426 1024 538 1103 εὑρίσκω
550 1025 635 1106 τούτῳ
645 1031 683 1107 τῷ
694 1027 793 1106 τρόπῳ.
815 1029 932 1109 Σφάλλει
946 1029 997 1110 γάρ
1011 1035 1062 1088 τῶν

287 1140 299 1163 ι
313 1110 439 1170 πινόντων
449 1113 526 1171 αὐτὸν
538 1112 584 1171 καί
598 1116 689 1193 ἀπατᾷ
700 1114 747 1185 τὴν
762 1116 886 1189 διάνοιαν,
900 1117 945 1176 καλ
958 1117 1006 1188 τὴν
1016 1123 1062 1175 τοῦ

287 1228 299 1251 ιι
313 1199 489 1279 βασιλέωςτῇ
510 1207 555 1260 τοῦ
577 1205 691 1282 ὀρφανοῦ
711 1203 757 1261 καί
780 1204 900 1281 δεομένου
922 1204 1063 1283 κηδεμόνος

286 1316 298 1341 ιι
312 1288 404 1364 ὁμοίαν
412 1288 513 1364 τίθησι,
525 1287 570 1347 καὶ
581 1288 628 1359 τὴν
637 1296 682 1349 τοῦ
693 1290 783 1350 δούλου
794 1293 983 1373 διεγείρειπρθς
995 1317 1062 1373 παρ-

246 1394 272 1431 ιυ
286 1374 403 1455 ιρησίαν
417 1382 464 1434 τοῦ
478 1376 656 1457 ἓλευθέρου,ἥ
672 1402 700 1435 τε
714 1386 758 1437 τοῦ
771 1379 880 1449 πένητος
897 1379 974 1457 ὁμοία
987 1381 1062 1459 γίνε-

285 1491 298 1515 ιι
312 1486 355 1521 ται
367 1468 399 1537 τῇ
411 1469 456 1521 τοῦ
468 1464 601 1523 πλουσίου.
644 1469 788 1525 Μεταποιεῖ
800 1466 850 1547 γθιρ
861 1468 904 1525 καὶ
916 1478 1062 1549 μεταγεννᾷ

285 1578 298 1601 ιι
312 1550 357 1617 τὰς
368 1549 454 1630 ψυχάς
468 1553 494 1609 ἐν
508 1554 597 1619 αὐταῖς
609 1554 756 1631 γενόμενος,
770 1556 876 1613 καὶτῶν
892 1553 939 1633 μέν
952 1558 978 1613 ἐν
993 1580 1060 1631 συμ-

285 1666 297 1690 ι
313 1646 380 1718 φορᾷ
393 1638 591 1709 καθεστηκότων
601 1640 720 1700 σῦέννυσι
736 1642 765 1699 τὸ
779 1644 887 1715 λυποῦν,
902 1642 960 1709 τοθς
975 1644 1002 1700 δέ
1013 1646 1061 1701 άλ-

193 1725 196 1735 “
285 1753 297 1775 ιι
312 1724 402 1805 λότρια
416 1724 482 1804 χρέα
495 1727 623 1795 λαθόντας
634 1732 670 1795 εἷς
689 1729 769 1800 λήθην
784 1729 855 1806 άγει,
870 1731 914 1790 καὶ
932 1732 1002 1789 ποιεῖ
1019 1732 1060 1788 δα·

248 1827 272 1865 lt
285 1839 298 1863 ι
312 1812 366 1869 κεῖν
384 1811 476 1878 αὐτοὺς
492 1812 614 1871 ἁπάντων
626 1817 852 1892 πλουσιωτάτους,
870 1822 906 1883 ὡς
918 1817 999 1894 μηδὲν
1014 1817 1061 1894 μὲν

284 1924 296 1949 ιι
312 1898 403 1979 μικρὸν
415 1900 583 1978 φθέγγεσθαι,
595 1903 730 1962 ταλάντοιν
740 1903 767 1962 δὲ
783 1910 943 1980 μεμνῆσθαι,
954 1905 1060 1964 καὶτῶν

284 2014 296 2039 ι
309 1991 363 2053 τοῖς
377 1986 513 2063 εὐδαίμοσι
524 1991 708 2069 προσηκόντων
722 1992 866 2067 ὀνομάτων.
888 1990 950 2052 Ἔτι
963 2016 993 2067 γε
1008 1992 1060 2069 μὴν

284 2100 296 2123 ι
313 2079 466 2153 στρατηγῶν
480 2076 530 2133 καὶ·
548 2077 676 2155 βασιλέοιν
689 2080 858 2149 ἀναισθήτους
871 2082 1059 2158 ἀπεργάζεται,

283 2189 296 2212 ιι
310 2164 356 2219 καὶ
369 2162 448 2242 φίλοιν
460 2163 505 2219 καὶ
517 2164 633 2234 συνήθων
642 2164 737 2244 ἐξαιρεῖ
747 2166 862 2243 μνήμην.
878 2166 998 2234 Ὁπλίζει
1009 2166 1059 2246 γάρ

243 2262 269 2302 ²⁰
283 2277 295 2299 ιι
310 2248 368 2316 τοῦς
385 2249 535 2327 ἀνθρώπους
548 2252 592 2309 καί
613 2251 682 2311 κατθι
697 2257 747 2311 adri
758 2254 897 2333 φιλτάτων,
917 2255 962 2312 καὶ
976 2256 1058 2313 δοκεῖν

283 2365 295 2388 ιι
307 2338 376 2395 ποιεῖ
388 2331 494 2395 πάντων
507 2339 734 2419 ἀλλοτριιιιτάτους·
751 2341 795 2398 καί
806 2340 867 2399 όταν
880 2342 1007 2423 νήψαντες
1017 2342 1059 2400 τό·

283 2448 375 2504 ιχωσι
395 2425 439 2482 καί
461 2426 593 2505 καταλίπῃ
616 2428 658 2485 διά
680 2434 726 2499 τῆς
739 2429 829 2496 νυκτός
848 2429 940 2497 αὐτοὺς
960 2434 974 2487 ὁ
995 2422 1058 2495 οἶνος

282 2541 294 2563 ιι
308 2511 501 2590 κοιμωμένους,
512 2514 663 2573 ἀνίστανται
673 2516 753 2593 μηδὲν
762 2508 798 2574 ὧν
806 2516 920 2598 ἔπραξαν
929 2518 1001 2599 παρθι
1011 2517 1057 2588 τὴν

282 2627 294 2651 ιι
309 2598 389 2676 μέθην
410 2600 512 2667 εἰδότες.
554 2601 662 2669 Τούτοις
674 2603 727 2680 ἐγὼ
734 2604 936 2685 τεκμαιρόμενος
947 2605 1058 2684 εὑρίσκω

241 2698 268 2737 τι
281 2713 293 2739 ιι
306 2688 349 2744 τὸν
362 2676 427 2745 οἶνον
440 2690 648 2768 ὑπερκρατοῦντα
660 2690 763 2749 πάντων
777 2693 821 2749 καί
834 2691 990 2770 βιαιότατον.
1007 2720 1018 2743 ι

320 2772 351 2830 δ’.
372 2772 420 2840 Ὡς
436 2774 459 2832 δ’
470 2778 483 2832 θ
496 2780 596 2853 πρῶτος
617 2776 814 2857 ἀποφηνάμενος
833 2776 952 2857 περὶτῆς
970 2778 1058 2857 ἰσχύος

280 2866 325 2917 τοῦ
342 2860 409 2920 οίνου
422 2860 456 2918 τά
469 2865 644 2941 προειρημένα
658 2863 804 2936 ἐπαύσατο,
819 2869 833 2923 ὁ
846 2866 902 2937 μετ’
921 2865 998 2924 αὐτὸν
1008 2865 1056 2947 ἤρ-

216 3010 224 3024 α
280 2946 341 3014 ξατο
356 2948 440 3025 λέγειν
455 2949 516 3027 περί
531 2955 578 3020 τῆς
590 2958 635 3009 τοῦ
659 2952 786 3030 βασιλέως
800 2953 945 3029 δυνάμεως,
958 2953 1056 3023 ταύτην

280 3033 430 3102 ἀποδεικνθς
442 3034 491 3107 τὴν
503 3038 676 3115 ἰσχυροτάτην
694 3041 739 3097 καὶ
752 3041 830 3099 πλέον
845 3044 896 3098 τῶι
909 3041 995 3098 ἄλλοιν
1013 3042 1055 3100 δυ-

241 3136 267 3177 cu
279 3122 402 3197 ναμένην,
419 3122 467 3183 ὅσα
481 3124 540 3201 βίαν
551 3124 620 3203 ἔχειν
634 3124 766 3195 λσύνεσιν
780 3128 858 3188 δοκεῖ.
900 3130 925 3187 Τ
926 3127 953 3186 δν
964 3127 991 3185 δὲ
1001 3127 1057 3205 τρό-

279 3232 327 3269 πον
334 3215 380 3281 τῆς
389 3210 541 3279 ἀποδείξεως
549 3215 664 3271 ἐντεῦθεν
674 3214 831 3291 ἐλάμῦανεν.
842 3243 852 3265 ι
861 3214 994 3273 Ἁπάντων
1000 3215 1056 3294 μὲν,

279 3325 292 3349 ιι
308 3285 391 3372 εἶπεν,
407 3299 554 3377 ἀνθρώπους
569 3310 742 3380 περικρατεῖν,
755 3301 780 3360 οἳ
793 3303 839 3360 καὶ
859 3302 906 3373 τὴν
918 3307 967 3381 γῆν
979 3326 1057 3361 κατα·

280 3413 292 3435 ι
304 3384 460 3461 ναγκάζουσι
473 3386 518 3443 καί
531 3386 578 3457 τὴν
592 3390 725 3446 θάλασσαν
745 3379 811 3446 εἶναι
827 3389 960 3468 χρησίμην
973 3391 1056 3456 αὐτοῖς

280 3471 370 3550 ιπρδς
387 3470 531 3543 ἀθέλουσι,
543 3474 640 3531 τούτοιν
653 3475 676 3532 δ’
695 3476 821 3555 ἄρχουσιν
839 3480 862 3534 οῖ
879 3480 994 3555 βασιλεῖς
1011 3478 1056 3535 καὶ

239 3569 265 3608 ³⁶
278 3585 290 3611 ιι
305 3560 354 3628 τὴν
365 3558 480 3626 ἐξουσίαν
489 3560 600 3639 ἔχουσιν·
614 3566 638 3620 οἱ
648 3561 675 3619 δὲ
687 3568 731 3621 τοῦ
743 3564 883 3642 κρατίστου
895 3566 940 3622 καὶ
952 3568 1057 3645 ἰσχυρο-

189 3700 192 3706 ,
279 3673 292 3696 ιι
302 3645 381 3703 τάτου
401 3645 466 3725 ζῴου
486 3648 664 3720 δεσπόζοντες,
679 3649 869 3729 ἀνυπέρθλητοι
885 3651 932 3722 τλν
947 3654 1056 3733 δυνάμιν

278 3758 290 3784 ι
306 3723 376 3791 οὗτοι
390 3733 435 3791 sat
446 3734 495 3805 την
505 3734 579 3814 ἰσχὺν
588 3735 693 3802 εἰκότως
704 3736 735 3794 ἀν
745 3729 804 3795 εἶεν.
817 3738 919 3815 Ἀμέλει
927 3739 1056 3817 πολέμους

279 3846 291 3871 ιι
305 3819 482 3887 ἐπιτάττοντες
493 3824 538 3880 καὶ
550 3822 740 3891 κινδύνουςτοῖς
749 3825 901 3904 ἀρχομένοις
910 3827 1054 3901 ἀκούονται,

269 3932 291 3959 ·ιι
303 3907 347 3965 καὶ
367 3907 511 3985 πέμποντες
527 3909 618 3977 αὐτοὺς
633 3910 677 3967 ἐπὶ
690 3911 748 3978 τοῦς
769 3912 872 3993 ἐχθροὺς
892 3922 1054 3985 καταπειθεῖς

239 4012 265 4050 ιιι
277 4022 290 4049 ιι
307 3993 350 4053 διθι
361 3994 407 4065 την
420 3996 495 4077 ἰσχὺν
509 3996 556 4070 τὴν
571 4000 658 4057 αὐτῶν
672 3998 770 4078 ἔχουσι·
782 4000 827 4057 καί
838 4000 886 4080 ὄρη
900 4001 946 4077 μὲν
961 4027 1054 4081 κατερ-

278 4109 289 4134 ι
304 4082 427 4161 γάζεσθαι
437 4084 482 4142 καὶ
493 4085 568 4163 τείχη
580 4096 719 4145 κατασπᾶν
730 4088 775 4146 καὶ
787 4088 899 4168 πύργους
910 4086 1051 4153 κελεύόυσι.

280 4195 291 4223 ιι
308 4171 362 4229 ital
376 4170 520 4230 κτείνεσθαι
533 4173 560 4231 δὲ
574 4175 598 4231 ol
612 4174 789 4242 κελευσθέντες
802 4176 847 4234 καί
865 4178 973 4235 κτείνειν
987 4184 1050 4239 ὓπο-

276 4285 289 4310 ιι
303 4258 433 4335 μένωσιν,
446 4259 490 4317 ίνα
508 4260 545 4337 μὴ
564 4263 598 4320 τὰ
610 4268 655 4320 τοῦ
671 4263 799 4339 βασιλέως
812 4263 903 4332 δόξωσι
917 4268 1052 4346 παραδοί-

171 4378 178 4387 -
276 4373 289 4397 ι
301 4368 353 4405 νειιι
364 4346 567 4427 προστάγματα.
584 4350 745 4421 Νικήσσντες
765 4350 850 4423 δὲτὴν
865 4354 990 4435 ἀφέλειαν
1005 4356 1052 4429 τὴν

237 4449 263 4488 ιο
276 4458 289 4492 ιι
303 4431 333 4490 ἀιι
344 4439 389 4491 τοῦ
402 4433 520 4511 πολέμου
539 4440 577 4515 τῷ
590 4439 692 4513 βασιλεῖ
705 4438 848 4515 κομίζουσι.
907 4442 961 4502 Καὶ
975 4447 998 4502 ol
1014 4444 1051 4521 μὴ

276 4544 288 4570 ι
305 4521 504 4601 στρατευόμενοι
514 4522 553 4597 δὲ,
565 4522 632 4582 ἀλλά
643 4530 691 4603 γῆν
701 4526 866 4605 ἐργαζόμενοι
876 4530 920 4588 καὶ
932 4533 1052 4611 ἀροῦντες

276 4633 288 4655 ιι
300 4603 362 4665 ὅταν
372 4608 532 4679 πονήσαντες
545 4611 590 4668 καὶ
604 4621 692 4669 πᾶσαν
705 4612 753 4683 τὴν
764 4618 815 4672 τῦιν
827 4614 907 4696 ἔργων
920 4621 1052 4678 ταλαιπω-

276 4720 288 4741 ι
303 4693 360 4770 ρίαν
374 4696 556 4772 ὑπομείναντες
576 4700 696 4778 θερίσοισι
716 4700 762 4759 καί
772 4702 831 4770 τοθς
844 4705 958 4784 καρπούς
976 4708 1050 4766 συνέ-

276 4806 288 4831 ιι
301 4782 376 4853 λοισι,
390 4782 447 4863 τοὺς
461 4785 553 4865 φόρους
565 4790 601 4862 τῷ
615 4788 720 4865 βασιλεῖ
736 4789 893 4864 κομίζουσιν.
933 4792 969 4851 Ὅ
984 4795 1005 4852 δ’
1020 4794 1050 4853 ἀν

235 4884 262 4921 so
276 4892 289 4918 ιι
303 4859 375 4933 οὗτος
384 4871 446 4950 είπῃ
456 4873 503 4929 soi
510 4873 636 4949 κελεύσῃ,
646 4880 722 4933 τοῦτο
732 4875 757 4943 ἐξ
768 4878 882 4956 ἀνάγκης
893 4880 965 4939 otidis
975 4885 1051 4961 ὑπερ-

275 4981 287 5005 ι
303 4944 462 5030 ύαλλόμενον
473 4958 578 5035 γίνεται.
591 4957 692 5021 Ἔπειθ’
704 4966 720 5021 θ
731 4967 777 5036 μὲν
787 4970 883 5046 τρυφῆς
893 4968 996 5039 ἁπάσης
1005 4970 1051 5029 καί

275 5068 287 5091 ιι
299 5036 392 5111 ἡδονῆς
403 5045 636 5122 ἀναπιμπλάμενος
647 5048 778 5121 καθεύδει,
788 5053 949 5131 φυλάσσεται
961 5056 989 5114 δὲ
1001 5058 1051 5115 ὑπὸ

271 5155 288 5178 ιι
302 5127 495 5207 γρηγορούντων
509 5133 554 5190 καὶ
567 5134 662 5191 θισανεί
676 5137 818 5213 δεδεμένων
831 5142 881 5198 ὑπὸ
897 5148 941 5201 τοῦ
956 5142 1048 5223 φάύου·

276 5242 289 5267 ιι
301 5216 453 5273 καταλιπεῖν
467 5218 517 5296 γὰρ
540 5220 620 5286 οὐδεὶς
635 5224 721 5300 τολμᾷ
736 5224 905 5301 κοιμώμενον,
926 5230 984 5287 οὐδὲ
999 5234 1050 5288 τῶν

762 456 1042 547 auxatonortnz
1064 461 1160 521 ΒΙΒΛ.
1183 463 1233 521 ld.
1256 464 1346 525 litim
1368 468 1401 525 Γ.

1750 472 1867 553 [sorpsit
1898 508 1899 561 t

1110 622 1303 673 unumquemque
1326 613 1455 661 satellitum
1471 626 1539 662 saram
1559 615 1589 665 de
1610 616 1638 667 iis
1653 632 1709 681 quae
1726 632 1873 684 proposuerat

1109 698 1251 746 sententiam
1259 698 1392 762 declarare,
1402 702 1512 750 omnibus
1523 702 1682 755 audientibus,

1139 794 1162 839 3.
1180 795 1241 841 ‘lum
1256 794 1346 857 primus
1361 810 1460 846 exorsus
1471 804 1508 849 est
1522 800 1599 850 dicere
1610 802 1640 851 de
1651 804 1699 852 vini
1717 809 1833 869 potentia,
1849 811 1874 858 ad
1898 826 1899 849 1

1109 885 1172 935 lrunc
1184 890 1281 939 modum
1293 905 1345 941 eam
1357 894 1499 945 extollendo.
1517 916 1529 938 ι
1540 898 1626 958 oriri,
1636 900 1726 963 inquit,
1735 916 1778 964 ogo
1792 904 1822 953 de
1833 908 1874 955 uini
1898 958 1899 977 γ

1109 1000 1121 1024 ιι
1135 983 1225 1035 viribus
1233 986 1393 1047 coniecturam
1403 989 1499 1051 taciens,
1509 1004 1549 1041 eas
1557 994 1878 1061 rebusomnrbuspraeralcrs
1898 978 1899 985 ί

1109 1092 1121 1115 ιι
1137 1074 1201 1123 taison
1212 1075 1305 1127 indiciis
1313 1080 1440 1142 comperio.
1474 1086 1577 1132 Mentem
1587 1085 1651 1135 enim
1663 1100 1760 1152 eorum,
1770 1105 1785 1139 a
1797 1096 1876 1154 quibus
1898 1120 1899 1123 =

1109 1190 1121 1213 ιι
1133 1171 1229 1233 bibitur,
1238 1173 1298 1224 tallit
1306 1176 1453 1240 decipitque,
1465 1179 1497 1228 ita
1507 1183 1534 1230 ut
1543 1194 1610 1243 reges
1623 1184 1780 1237 simileedsnt
1790 1192 1878 1252 pupillis

1109 1287 1120 1309 ι
1133 1270 1158 1316 ot
1168 1273 1276 1319 curatore
1286 1272 1425 1333 egentibus,
1436 1280 1461 1322 et
1475 1276 1537 1324 servi
1549 1277 1579 1343 ad
1596 1279 1694 1330 eandem
1706 1294 1762 1331 cum
1778 1284 1877 1345 ingenuis

1108 1382 1120 1405 ι
1132 1363 1225 1413 dicendi
1236 1365 1371 1417 libertatem
1389 1368 1522 1431 adspirent,
1539 1378 1564 1420 et
1576 1385 1690 1437 pauperes
1704 1390 1760 1427 cram
1771 1379 1877 1429 divitibus
1898 1392 1899 1451 ι

1108 1480 1119 1501 ιι
1136 1460 1298 1522 adaequentur.
1317 1465 1412 1513 Anirraas
1421 1466 1484 1515 cuim
1494 1504 1501 1526 ‚
1512 1468 1532 1517 si
1543 1467 1604 1519 torte
1613 1484 1655 1520 sas
1665 1471 1818 1535 ingrediatur,
1828 1479 1875 1525 sub·
1898 1456 1899 1487 ³

1107 1576 1119 1600 ι
1133 1557 1186 1607 iude
1199 1562 1288 1619 mutat,
1304 1572 1436 1624 novansque
1456 1564 1502 1614 iltis
1522 1567 1570 1615 rim
1583 1569 1720 1632 ingenerat,
1732 1579 1759 1623 ut
1776 1578 1838 1637 quod
1856 1585 1876 1625 et

1108 1678 1119 1701 ιι
1132 1659 1276 1709 calamitosis
1294 1662 1412 1711 tristitiam
1428 1664 1525 1726 adimit,
1543 1671 1568 1716 at
1581 1669 1697 1721 obaeratos
1709 1672 1733 1723 in
1749 1678 1804 1724 ceris
1815 1680 1876 1727 alieni
1898 1684 1899 1745 j

1107 1774 1119 1797 ι
1131 1755 1275 1806 obliuionem
1286 1758 1364 1819 ducit,
1375 1760 1476 1822 lecitque
1487 1766 1513 1811 ut
1529 1764 1625 1814 sibimet
1636 1768 1761 1820 videamur
1776 1776 1877 1823 οωιιῖιιιιι
1898 1814 1899 1819 ,

1107 1874 1118 1896 ιι
1130 1854 1255 1917 ditissimi,
1273 1858 1331 1907 adeo
1350 1864 1375 1908 ut
1393 1861 1450 1909 nitril
1466 1874 1566 1924 parsum
1585 1867 1719 1933 loquantur,
1733 1873 1777 1922 sed
1794 1878 1873 1925 ιεΙειιιιι

1106 1972 1118 1995 ιι
1128 1958 1236 2015 crepent,
1250 1961 1274 2003 et
1284 1955 1330 2005 alia
1341 1956 1365 2004 id
1374 1944 1448 2017 gaius
1460 1959 1555 2011 nonnius
1567 1963 1656 2024 quibus
1668 1967 1701 2015 uti
1713 1968 1793 2021 beatis
1801 1988 1875 2021 muse
1898 1994 1899 2055 γ

1106 2061 1117 2083 ιι
1130 2042 1187 2091 uiat.
1221 2046 1338 2094 Praeterea
1351 2046 1439 2097 ducum
1451 2056 1492 2099 aut
1511 2065 1592 2113 regum
1605 2057 1742 2109 meminisse
1760 2076 1807 2111 non
1822 2066 1874 2128 pati-
1898 2060 1899 2127 l

1106 2155 1118 2179 ιι
1131 2142 1177 2197 tur,
1187 2151 1230 2187 nec
1245 2141 1358 2189 memorie
1368 2146 1447 2193 tenere
1456 2146 1545 2195 amicos
1554 2152 1579 2195 et
1587 2149 1723 2203 familiares.
1739 2158 1875 2208 Nametbo·

1105 2251 1118 2275 ιι
1131 2234 1205 2283 mines
1220 2241 1295 2285 armat
1309 2236 1380 2286 etiam
1397 2238 1515 2289 adsersus
1525 2242 1569 2291 sibi
1580 2246 1728 2310 carissimos,
1742 2250 1842 2316 lusitque
1853 2266 1874 2305 ιι

1105 2346 1117 2371 ιι
1129 2333 1257 2391 appareant
1268 2332 1374 2381 omuirrm
1388 2334 1523 2385 alienissimi
1534 2352 1541 2386 ε
1554 2352 1675 2403 quumque
1686 2344 1761 2394 sobrii
1771 2348 1823 2397 lacti
1836 2351 1875 2397 tue
1898 2337 1899 2399 ί

1085 2466 1088 2471 ,
1106 2420 1191 2481 crint,
1211 2424 1235 2471 et
1252 2424 1334 2472 riuum
1351 2430 1420 2475 nocto
1430 2427 1563 2479 astralaudo
1573 2434 1694 2493 crapulam
1711 2438 1873 2497 ειιοτιιιίειῖιιι,

1104 2534 1117 2559 ιι
1131 2524 1232 2578 snrgunt
1243 2519 1316 2580 ignari
1324 2522 1432 2572 omnium
1440 2536 1493 2586 qum
1503 2536 1545 2585 per
1553 2526 1691 2578 ebrietatem
1702 2538 1871 2586 commiserant.
1898 2560 1899 2591 ι

1104 2626 1117 2651 ιι
1129 2612 1165 2658 Ειε
1176 2611 1239 2660 bisce
1251 2624 1294 2674 ego
1305 2614 1440 2675 conjectura
1450 2630 1563 2680 assequor
1581 2622 1664 2673 uinum
1681 2638 1764 2676 rerum
1776 2634 1874 2679 omniurn
1898 2604 1899 2683 ί

1104 2726 1115 2747 ι
1128 2708 1320 2769 potentissimum
1334 2724 1387 2761 osse
1396 2714 1503 2775 nilrllquo
1512 2728 1540 2765 eo
1551 2730 1605 2767 osse
1616 2720 1790 2775 vehementius.
1803 2748 1815 2769 ι
1898 2708 1899 2763 ί

1134 2806 1157 2852 la.
1176 2807 1304 2867 Postquam
1313 2808 1412 2869 primus,
1422 2810 1468 2860 ista
1476 2812 1561 2861 devini
1572 2814 1662 2865 viribus
1670 2817 1795 2883 loquutus,
1806 2826 1873 2881 silnit,
1898 2878 1899 2913 γ

1103 2894 1227 2953 proximus
1238 2898 1309 2959 coepit
1320 2898 1349 2947 de
1359 2900 1420 2961 regis
1431 2906 1546 2963 protestate
1556 2906 1627 2955 reba
1637 2908 1730 2974 lacere,
1741 2926 1794 2963 eam
1803 2923 1872 2965 osteu-

1102 2986 1179 3037 θειιιΙο
1191 2988 1360 3041 validissimam
1371 3006 1423 3043 esse
1436 2998 1461 3047 er
1470 2998 1552 3060 majori
1567 2998 1590 3048 ri
1604 3001 1691 3063 pollere
1702 3018 1778 3067 quam
1789 3014 1872 3070 cetera,
1898 3006 1899 3085 J

1101 3096 1156 3143 qum
1179 3084 1229 3133 rim
1253 3090 1296 3135 aut
1318 3087 1462 3139 intellectum
1489 3092 1575 3143 trabere
1596 3095 1728 3149 videantur.
1769 3104 1795 3153 lrl
1817 3107 1873 3168 quod
1898 3088 1899 3134 ι

1101 3184 1125 3227 ct
1134 3178 1297 3231 demonstrare
1313 3191 1413 3235 coriatus
1428 3193 1464 3237 est
1482 3189 1512 3237 ad
1532 3188 1596 3239 bunc
1617 3193 1724 3244 nodum.
1741 3217 1754 3241 ιι
1770 3184 1873 3251 omnium

1105 3292 1116 3315 ιι
1132 3272 1228 3335 quidem
1239 3288 1318 3325 rorum
1328 3276 1422 3328 dicebat
1430 3294 1502 3343 penes
1510 3282 1619 3335 laomiues
1628 3298 1681 3337 ease
1691 3290 1827 3355 imperium,
1837 3298 1872 3357 qui
1898 3308 1899 3371 γ

1102 3384 1115 3407 ι
1126 3372 1151 3415 et
1162 3369 1237 3417 terras
1248 3373 1273 3419 et
1283 3372 1359 3420 maria
1368 3373 1450 3423 sibiad
1461 3388 1618 3441 quoscunque
1628 3387 1788 3444 ueras,veliut
1797 3392 1871 3451 nolint,
1898 3374 1899 3463 ί

1102 3478 1114 3501 ιι
1129 3458 1243 3511 inservire
1262 3462 1364 3526 iaciunt,
1385 3468 1479 3529 regibus
1490 3474 1570 3521 autem
1586 3473 1611 3522 in
1628 3474 1671 3525 boa
1689 3478 1872 3543 iurperiumesas

1102 3570 1114 3594 ιι
1126 3566 1293 3618 summamque
1307 3562 1447 3619 potestatem
1459 3576 1466 3609 ε
1477 3574 1505 3611 ει
1516 3564 1613 3625 proinde
1628 3570 1668 3629 qui
1677 3569 1825 3625 dominatum
1836 3580 1869 3627 tu·
1898 3580 1899 3616 t

1102 3647 1182 3697 ιιιιιι
1193 3650 1218 3696 ιιι
1228 3640 1365 3701 undarunt
1375 3654 1767 3730 ιιιιιιιιιιιιιιιιιιιιιιιιιιιιιιι,
1777 3670 1815 3720 au
1823 3674 1871 3731 ιιιι

1102 3760 1114 3783 ιι
1127 3740 1212 3791 merito
1220 3744 1333 3793 censendi
1345 3750 1401 3797 sunt
1414 3762 1441 3797 oa
1453 3762 1505 3800 esso
1515 3754 1619 3814 potentia
1628 3768 1656 3805 ac
1670 3758 1694 3807 ri
1703 3762 1744 3810 cui
1754 3767 1829 3813 omnia
1838 3780 1870 3815 ce·
1898 3744 1899 3817 ί

1101 3854 1113 3878 ιι
1125 3836 1183 3885 dant
1196 3848 1292 3888 necesso
1302 3844 1347 3889 est.
1358 3842 1420 3899 Quid
1432 3844 1510 3905 quod,
1522 3847 1541 3895 sl
1555 3848 1658 3900 subditis
1668 3852 1805 3916 imperariut
1817 3860 1869 3908 bella

1101 3949 1112 3970 ιι
1128 3930 1247 3993 συνείρετε
1257 3935 1281 3980 et
1297 3934 1400 3994 pericula
1410 3936 1491 3997 adire,
1502 3939 1695 4007 olotemperatur3
1711 3952 1738 3996 et
1756 3950 1776 3998 si
1786 3966 1823 3999 eos
1835 3944 1869 3999 iui-
1898 3974 1899 3985 ι

1100 4040 1112 4062 ιι
1125 4020 1193 4070 micis
1204 4022 1297 4071 obuiam
1311 4024 1345 4075 irc
1358 4028 1445 4087 reliut,
1464 4035 1559 4091 propter
1571 4035 1710 4094 potestatem
1723 4054 1792 4089 suam
1810 4042 1868 4091 obse·

1099 4134 1111 4157 ι
1125 4123 1223 4177 quentes
1233 4118 1320 4169 liabent
1329 4135 1335 4168 :
1344 4126 1414 4183 atque
1423 4124 1746 4190 esrqrridcmquumjubeasr
1754 4142 1868 4186 utrnoores

1099 4229 1111 4253 ι
1122 4208 1289 4273 demoliantur,
1302 4216 1437 4279 mreniaqrae
1446 4224 1471 4267 el
1481 4224 1557 4269 turres
1567 4220 1687 4284 dejiciant.
1696 4230 1762 4286 Quia
1772 4237 1794 4281 et
1803 4234 1868 4281 ccidi

1098 4320 1111 4345 ιι
1121 4304 1147 4351 ot
1156 4302 1278 4365 occidere,
1286 4306 1306 4354 si
1316 4307 1475 4372 praecipiatur,
1488 4324 1610 4373 nunquam
1621 4322 1748 4381 mussat,
1757 4336 1785 4371 ιιε
1794 4336 1865 4383 regum
1898 4344 1899 4377 ι

1098 4414 1110 4439 ιι
1122 4394 1220 4459 imperia
1230 4398 1294 4447 baud
1305 4400 1352 4463 itu,
1362 4402 1396 4449 uti
1409 4409 1510 4466 pareat,
1521 4407 1622 4469 exsequi
1631 4408 1768 4462 videantur.
1786 4416 1865 4475 Quodsi

1097 4508 1110 4531 ιι
1125 4490 1237 4551 vicerint,
1245 4492 1350 4554 piraeum
1360 4494 1574 4562 belloparlamregi
1581 4500 1805 4558 discussimus
1812 4512 1863 4572 quis
1898 4532 1899 4567 ς

1097 4602 1109 4626 ι
1122 4584 1356 4639 militiaabstiosntos
1368 4596 1455 4641 terram
1465 4594 1546 4643 colunt
1559 4602 1736 4664 eurumque,
1750 4604 1803 4663 ubi,
1817 4608 1865 4665 post
1898 4640 1899 4647 ι

1097 4696 1109 4721 ιι
1122 4680 1254 4730 exantlatos
1265 4682 1357 4733 labores
1368 4686 1493 4749 operisque
1509 4688 1661 4743 difficultates
1670 4703 1805 4759 superaus,
1818 4704 1862 4747 rata
1876 4694 1880 4751 ἰ
1898 4690 1899 4693 “

1096 4790 1108 4812 ι
1121 4773 1263 4823 messuerint
1274 4778 1298 4823 et
1314 4776 1406 4825 tructos
1421 4779 1572 4843 collegerint,
1585 4784 1675 4834 tributa
1695 4791 1744 4850 regi
1762 4791 1862 4840 aderunt.

1097 4883 1108 4907 ιι
1121 4866 1240 4928 Quicquid
1251 4874 1331 4917 autom
1341 4868 1362 4917 is
1371 4870 1458 4921 dixerit
1466 4872 1607 4936 jusseritis,
1617 4877 1861 4935 idaccossitatscoscti
1898 4870 1899 4879 ί

1096 4980 1108 5002 ιι
1120 4962 1170 5011 siue
1188 4976 1254 5013 mora
1276 4970 1301 5014 et
1317 4968 1465 5018 cunctatione
1482 4970 1579 5021 iaciunt.
1618 4978 1680 5025 Turn
1707 4978 1749 5030 illo
1774 4982 1860 5044 quidem

1093 5058 1192 5105 sumne
1200 5068 1274 5117 genus
1287 5058 1376 5108 deliciis
1390 5062 1414 5109 et
1426 5060 1587 5123 voluptatibus
1601 5070 1722 5121 saturatus
1731 5072 1827 5133 dormit,
1835 5074 1861 5121 ab

1096 5169 1108 5192 ιι
1120 5150 1172 5199 aliis
1180 5163 1235 5200 uero
1246 5154 1379 5204 custoditur
1390 5156 1542 5217 vigilantibus
1551 5162 1575 5208 at
1584 5164 1651 5223 quasi
1664 5164 1750 5218 timore
1759 5170 1860 5230 alligatis.

1096 5264 1106 5284 ι
1121 5246 1194 5293 Nemo
1201 5246 1263 5294 cuim
1274 5246 1353 5309 illum,
1364 5250 1421 5298 dum
1430 5263 1540 5300 somnum
1551 5255 1628 5318 capit,
1640 5258 1713 5310 audet
1724 5264 1860 5324 relinquere,
1898 5264 1899 5267 ’
