3859 6084
313 544 365 592 rat
409 530 533 608 (imper.)

307 692 318 714 ι
334 663 393 732 θδή
408 668 452 720 τοῦ
468 664 559 720 λοιποῦ
573 658 772 740 φυλαττομένοις
787 662 847 737 ύμῖν
868 660 972 738 άμεινον
985 663 1035 731 {Zet
1048 662 1082 721 τά

307 780 317 800 ι
332 751 485 828 πράγματα,
528 746 603 817 Μηδὲ
624 746 671 817 τὴν
685 746 745 817 ἴσην
757 748 800 805 ἐπὶ
815 748 913 815 τούτοις
925 750 1003 829 ὀργήν
1017 774 1080 809 ποτε

307 868 317 889 ι
333 837 496 915 λαμόάνετε,
512 828 529 915 ᾗ
543 840 601 893 κατ’
623 836 686 912 ἐμοῦ
703 834 827 903 πολλάκις
842 838 1003 913 ἐτολμήσατε
1015 843 1081 917 χρῆ-

306 955 316 979 ι
333 932 406 984 σθαι·
420 924 560 1004 γινώσκετε
578 922 629 1003 γάρ
645 925 679 989 ύις
700 922 838 989 πλεονάκις
859 926 1021 984 ἐκινδύνευσα
1039 925 1081 1005 ὑφ’

277 1035 289 1071 ο
304 1042 314 1065 ι
330 1018 402 1090 ὑμῶν
417 1015 553 1071 ἀποθανεῖν
564 1010 641 1082 ἢύπθ
653 1014 703 1069 τῶν
716 1010 856 1085 πολεμίοιν.
898 1015 990 1071 Ταῦτα
1002 1010 1025 1069 δ’
1035 1015 1081 1070 οὐκ

305 1130 317 1155 ιι
332 1102 459 1170 ὀνειδίζων
482 1104 549 1175 ὑμᾶς
566 1097 723 1179 προύθέμην,
738 1100 780 1173 (οὐ
799 1098 849 1178 γέιρ
872 1101 911 1155 ἐπ’
927 1099 1012 1165 ἐξόδου
1036 1105 1080 1157 τοῦ

305 1216 316 1240 ιι
330 1194 375 1261 ζῆν
392 1184 605 1268 δυσχεραίνοντας
621 1187 774 1244 καταλιπεῖν
792 1184 879 1255 ἠξίουν
891 1186 925 1249 εἶς
936 1185 1080 1263 ἀνάμνησιν

304 1306 316 1329 ι
330 1276 425 1359 φέρων,
439 1274 505 1352 μηδὲ
523 1276 585 1355 παρ’
605 1273 632 1332 θν
653 1272 769 1351 ἔπασχον
784 1272 851 1331 αὐτὰ
866 1272 955 1352 καιρὸν
976 1276 1002 1331 ἐν
1016 1274 1081 1351 θργζιῖΙ

305 1396 317 1420 ιι
333 1364 468 1445 γενόμενος
475 1367 493 1439 ,λ
511 1363 568 1422 ἀλλ’
590 1362 657 1421 ὥστε
675 1368 721 1420 τοῦ
736 1360 910 1442 σωφρονήσειν
925 1366 992 1438 ὑμᾶς
1003 1363 1039 1427 είς
1051 1361 1081 1419 ab

268 1472 291 1509 tu
305 1484 317 1508 ιι
333 1453 427 1532 μέλλον
440 1452 497 1535 κατ’
509 1453 572 1510 αθτό
585 1474 617 1531 γε
628 1454 698 1510 τοῦτ’
713 1448 827 1530 ἀσφαλὲς
842 1440 923 1525 εἶναι,
940 1450 986 1507 καί
1000 1449 1081 1525 μηδὲν

306 1572 318 1595 ιι
333 1546 368 1610 εἰς
378 1540 437 1607 τοῦς
447 1540 641 1620 προεστηκότας
651 1537 783 1617 ἐξοθρίσαι
796 1537 838 1595 δεδι
847 1540 968 1607 πλοῦτον,
982 1535 1008 1601 d<
1022 1539 1082 1613 ὑμῖν

307 1658 318 1683 ιι
334 1628 413 1695 πολῦς
422 1625 580 1686 traduceret
591 1624 724 1702 Ἰορδάνην
738 1624 783 1683 καὶ
798 1623 845 1694 τὴν
855 1622 1009 1683 Χαναναίαν
1018 1645 1082 1693 κτη-

307 1747 318 1771 ι
331 1716 451 1795 σομένας
460 1712 653 1795 περιστήσεται,
663 1710 895 1791 ε’πεῖπροαχθέντες
906 1712 941 1776 εἰς
952 1706 1082 1788 καταρρό·

306 1834 318 1860 ι
331 1829 405 1877 νησιν
418 1802 461 1861 ὑπ’
474 1804 552 1860 αὐτοῦ
564 1798 609 1859 καῖ
622 1803 668 1871 τῆς
687 1802 779 1879 ἀρετῆς
794 1795 940 1876 ὀλιγωρίαν,
961 1797 1083 1854 ἀπολεῖτε

267 1916 291 1954 ιο
307 1922 318 1948 ιι
333 1894 378 1953 καλ
389 1890 437 1965 τήν
448 1889 547 1949 εύνοιαν
563 1888 607 1956 τήν
622 1884 694 1966 παρδι
707 1892 751 1944 τοῦ
763 1888 841 1946 Θεοῦ.
885 1883 1044 1953 Ποιήσαντες
1055 1880 1082 1939 δέ

306 2012 318 2035 ιι
332 1989 421 2041 τοῦτον
434 1979 534 2059 ἐχθρὸν,
549 1975 595 2045 τήν
611 1998 639 2032 τε
652 1979 715 2053 γῆν,
736 1974 768 2046 ἣν
782 1979 826 2031 νῦν
847 1976 962 2044 κτᾶσθε,
984 1993 1081 2050 κρατή·

306 2070 416 2135 «θέντες
437 2064 524 2131 ὅπλοις
538 2062 581 2121 ὑπ’
602 2064 687 2121 αὐτῶν
706 2052 778 2128 αάθις
795 2058 997 2141 ἀραιρεθήσεσθε
1017 2056 1082 2130 μετὰ

307 2188 318 2213 ι
334 2158 462 2237 μεγίστοιν
471 2154 584 2222 ὀνειδῶν,
599 2151 643 2209 καὶ
655 2148 837 2215 σκεδασθέντες
852 2146 895 2205 διδ
908 2150 953 2215 τῆς
962 2142 1080 2219 οἷκουμὲ·

308 2278 320 2300 ι
334 2272 379 2319 νης
392 2254 479 2303 πᾶσαν
496 2242 643 2317 ἐμπλήσετε
655 2238 702 2308 τήν
713 2242 761 2315 γῆν
775 2236 818 2295 καῖ
830 2235 962 2293 θάλασσαν
980 2237 1025 2301 τῆς
1037 2234 1082 2288 αὐ·

269 2352 294 2391 au
308 2364 319 2389 ιι
334 2340 386 2394 τῶν
406 2329 529 2395 δουλείας.
569 2325 667 2387 Ἔσται
680 2325 707 2383 δέ
723 2330 782 2401 ὑμῖν
796 2322 893 2381 τούτοιν
908 2323 1000 2399 πεῖραν
1011 2320 1082 2393 λαμ-

308 2453 320 2478 ι
337 2422 458 2481 θάνουσιν
473 2414 606 2493 ἀνωφελής
624 2418 640 2485 ή
656 2412 779 2489 μετάνοια
792 2410 836 2469 καὶ
853 2412 934 2480 ἡτῶν
953 2410 982 2465 οὗ
1001 2408 1083 2486 ρολα-

306 2541 318 2563 ι
336 2508 449 2589 γθέντοιν
459 2504 544 2580 νόμιον
557 2500 713 2577 ἀνάμνησις·
729 2500 784 2557 ὅθεν
795 2500 817 2555 εἰ
833 2495 964 2577 βούλοισθε
977 2494 1081 2557 τούτους

307 2630 319 2653 ιι
335 2579 394 2675 ὑμῖν
405 2594 504 2672 μένειν,
516 2594 566 2649 τῶν
578 2588 709 2665 πολεμίοιν
721 2586 831 2663 μηδένας
841 2582 1008 2642 ὑπολείπεσθε
1019 2603 1082 2659 κρα-

308 2717 319 2739 ιι
333 2688 458 2759 τήσαντες
483 2682 581 2747 αὐτῶν,
605 2676 671 2735 ἀλλά
693 2676 792 2739 πάντας
811 2671 955 2730 ἀπολλύναι
978 2668 1081 2747 κρίνατε

257 2798 294 2835 -ει
308 2806 320 2829 ιι
335 2767 534 2853 σομρέρειν,ίνα
543 2764 579 2844 μή
588 2764 688 2833 ζώντων
695 2760 920 2842 παραγευσάμενοι
928 2762 974 2829 τῆς
981 2756 1084 2815 ἐκείνοιν

309 2858 536 2932 ιιέπιιηδεύσεως,
553 2850 717 2933 διαφθείρητε
739 2849 786 2919 τήν
809 2846 917 2927 πάτριον
940 2843 1083 2901 πολιτείαν.

308 2950 395 3011 «Ἔτι
409 2946 436 3006 δέ
454 2945 499 3003 καῖ
515 2940 616 3023 βωμοὺς
636 2939 681 2998 καῖ
696 2938 764 3008 άλση
779 2936 823 2995 καὶ
842 2933 904 3000 νεύις
923 2932 1032 2997 ὁπόσους
1052 2930 1083 2988 διν

308 3038 418 3116 «ἔχοιεν
438 3030 622 3112 καταρρίπτειν
635 3030 754 3105 παραινῶ
775 3024 819 3082 καὶ
834 3023 953 3080 δαπανᾶν
973 3018 1036 3097 πυρί
1054 3018 1084 3075 τὸ

309 3156 320 3181 ιι
335 3124 407 3203 γένος
421 3118 560 3179 αὐτῶνκαὶ
571 3118 617 3187 τήν
629 3114 743 3191 μνήμην.
786 3109 884 3171 Bebrio
896 3107 946 3189 γδιρ
959 3106 991 3165 ἂν
1005 3106 1084 3171 οὕτως

269 3234 296 3269 ue
309 3242 321 3269 ιι
336 3214 397 3290 ὑμῖν
411 3208 488 3287 μόνον
506 3203 640 3285 ὑπάρξειεν
656 3205 673 3271 ἡ
692 3204 742 3259 τῶν
757 3198 856 3257 οἰκείων
874 3198 977 3273 ἀγαθῶν
999 3192 1084 3273 ἀορά-

310 3331 320 3355 ι
335 3304 403 3359 λεια.
442 3295 503 3355 Ἵνα
516 3294 591 3369 δὲμὴ
605 3290 637 3347 δι’
647 3286 760 3365 ἀμαθίαν
770 3292 814 3345 τοῦ
824 3283 968 3365 κρείττονος
981 3286 998 3352 ἡ
1010 3279 1084 3359 ρύσις

309 3420 321 3444 ιι
334 3390 407 3467 ὑμῶν
420 3382 484 3464 πρός
503 3380 533 3439 τδ
551 3380 638 3461 χεῖρον
652 3373 797 3452 ἀπονεύσῃ,
816 3370 944 3441 συνέθηκα
963 3372 1024 3443 ύμῖν
1040 3367 1085 3423 καὶ

309 3507 320 3533 ιι
336 3476 439 3554 νόμους,
451 3464 674 3549 ὑπαγορεύσαντός
685 3486 729 3540 μοι
738 3467 782 3519 τοῦ
793 3462 876 3529 θεοῦ,
887 3458 930 3516 καλ
942 3454 1084 3525 πολιτείαν,

309 3595 321 3619 ιι
337 3557 368 3635 ἧς
378 3561 421 3620 τόν
431 3558 529 3633 κόσμον
540 3552 695 3634 φυλάξαντες
704 3548 808 3606 πάντιιιν
818 3546 849 3604 ἀν
859 3542 1086 3616 εὐδαιμονέστατοι

274 3646 472 3730 οοιικριθιίητε.
489 3672 499 3695 ιι
577 3678 578 3681 =
926 3714 932 3737 Ι
1063 3714 1071 3735 Ι

348 3739 382 3817 γ’.
396 3739 489 3796 Ταῦτα
504 3728 582 3789 εἰπὼν
598 3724 700 3784 δίδωσιν
721 3721 806 3786 αὐτοῖς
818 3722 845 3777 ἐν
861 3716 955 3798 βιθλιορ
968 3714 1027 3782 τούς
1041 3739 1086 3773 νο-

310 3851 373 3905 μους
386 3820 491 3892 καλιήν
504 3814 618 3883 διάταξιν
630 3817 675 3883 τῆς
690 3808 823 3873 πολιτείας
841 3802 1085 3885 ἀναγεγραμμένην,

308 3920 343 3977 Οἱ
356 3914 382 3973 δὲ
395 3907 517 3993 ἐδάκρυόν
532 3902 615 3965 τεκαὶ
627 3896 726 3970 πολλὴν
738 3894 888 3966 ἐπιζήτησιν
901 3895 1033 3951 ἐποιοῦντο
1042 3896 1087 3949 τοῦ

309 4004 472 4081 στρατηγοῦ,
495 3988 655 4071 μεμνημένοι
672 4009 700 4044 τε
713 3975 749 4043 ὧν
769 3980 938 4040 κινδυνεύσειε
961 3978 1006 4036 καὶ
1023 3999 1088 4055 προ-

270 4116 296 4152 ιιι
309 4086 434 4167 θυμηθείη
457 4088 502 4152 τῆς
526 4076 585 4157 περὶ
610 4076 694 4133 αὐτῶν
720 4068 861 4146 σωτηρίας,
891 4066 935 4124 καῖ
960 4066 1088 4123 δυσελπι-

310 4184 429 4242 στοῦντες
444 4170 504 4252 περὶ
519 4172 568 4225 τῶν
586 4162 732 4242 μελλόντων
751 4162 785 4223 ὡς
804 4157 850 4213 οὐκ
870 4151 995 4230 ἐσομένης
1008 4152 1088 4221 ἄλλης

310 4270 394 4347 ἀργῆς
409 4260 542 4327 τοιαύτης,
554 4246 631 4325 ἧττόν
641 4272 670 4307 τε
683 4252 729 4307 τοῦ
747 4248 817 4305 θεοῦ
825 4238 1035 4323 προνοησομένου
1044 4237 1087 4295 δεδι

309 4357 338 4413 τὸ
355 4332 472 4417 bledein
488 4336 553 4405 εἶναι
570 4341 613 4397 τὸν
630 4336 843 4416 παρακαλοῦντα,
883 4319 934 4388 Ὧν
948 4350 977 4385 τε
987 4326 1030 4383 ἐπὶ
1043 4328 1088 4395 τῆς

310 4443 407 4525 ἐρήυου
431 4439 487 4512 μετ’
518 4434 596 4510 ὀργῆς
619 4424 772 4502 ὁμιλήσειαν
799 4420 869 4497 αὐτῷ
894 4418 1088 4493 μετανοοῦντες,

271 4550 296 4586 ιιι
309 4502 414 4607 ἤλγουν,
434 4530 469 4591 ὡς
490 4521 593 4580 ἅπαντα
609 4513 653 4572 τὸν
672 4510 733 4570 λαὸν
755 4513 790 4573 εἰς
811 4505 911 4583 δάκρυα
925 4498 1088 4579 προπεσόντα

311 4622 425 4697 κρεῖττον
444 4611 490 4671 καὶ
509 4617 555 4679 τῆς
569 4608 598 4662 ἐκ
616 4601 692 4678 λόγου
713 4593 874 4677 παρηγορίας
888 4590 918 4648 τό
936 4590 981 4646 ὑπ’
1003 4589 1088 4644 αὐτῶν

310 4712 418 4775 ποιήσαι
441 4700 529 4763 πόθος.
577 4692 691 4759 Μοιῦσῆς
710 4685 733 4744 δ’
755 4678 847 4748 αὐτούς
867 4674 1023 4756 παρηγόρει,
1043 4672 1088 4730 καλ

311 4800 356 4851 τοῦ
373 4788 492 4871 δακρύων
509 4782 587 4841 αὐτὸν
602 4778 670 4845 ἀξιον
694 4768 888 4846 ῦπολαμθάνειν
911 4763 1020 4838 ἀπάγων
1045 4784 1088 4817 αυ-

312 4880 370 4945 τούς
389 4878 502 4955 γρῆσθαι
517 4894 548 4946 τη
569 4862 687 4943 πολιτείρ
700 4856 852 4939 παρεκάλει.
900 4849 953 4909 Καὶ
967 4848 1025 4906 τότε
1041 4848 1088 4922 μὲν

273 4944 554 5029 ωοῦτιιιδιελύθηοαν.
1006 5021 1013 5042 γ
1070 5023 1086 5036 „

351 5052 382 5113 δ.
406 5046 537 5120 Βούλομαι
554 5042 580 5100 δέ
604 5038 651 5109 τὴν
672 5030 803 5095 πολιτείαν
816 5028 941 5110 πρότερον
956 5025 1036 5081 είπων
1051 5043 1089 5099 τῳ

311 5167 340 5203 τε
356 5134 488 5201 Μοιθσέιος
501 5128 628 5204 ἀξιώματι
640 5123 730 5201 καῖτῇ
745 5124 823 5201 ἀρετῇ
839 5118 1032 5191 ἀναλογοῦσαν,
1045 5107 1090 5166 καὶ

314 5230 406 5307 μαθεῖν
426 5218 543 5301 παρέξων
565 5215 596 5274 δι’
618 5214 697 5282 αὐτῆς
719 5211 772 5273 τοῖς
792 5199 979 5278 ἐντευξομένοις
995 5187 1036 5255 οἶα
1057 5190 1089 5250 τδι

314 5320 372 5379 καθ’
386 5318 456 5393 ἡμᾶς
467 5310 578 5389 ἀρχῆθεν
591 5294 631 5373 ἦν,
647 5298 726 5362 ούτιιις
741 5292 782 5352 ἐπὶ
797 5289 843 5361 cdv
859 5294 909 5346 τῶν
923 5286 1008 5344 ἀλλων
1022 5304 1089 5360 τρα-

789 531 1070 592 nuxntonurmx
1091 535 1187 595 utun.
1208 539 1241 593 Δ.
1269 524 1359 599 utin.
1382 544 1413 599 u.

1773 551 1883 628 [κτητο-ι.

1126 693 1138 716 ι
1150 674 1263 737 deinceps
1272 676 1400 739 cavebitis,
1417 682 1483 732 robis
1497 696 1535 733 ree
1544 685 1627 735 nretins
1640 700 1666 735 se
1674 686 1808 737 iubebunt.
1821 693 1884 752 Nequ

1126 792 1138 813 ιι
1152 787 1255 836 unquam
1266 777 1357 827 tanum
1368 783 1450 830 contra
1462 796 1504 831 eos
1513 784 1574 844 iram¹
1584 786 1673 836 sumite
1681 791 1773 849 quauta
1779 803 1884 850 supeau:

1126 872 1207 919 «estis
1226 872 1341 925 adversus
1356 890 1394 926 me
1417 879 1475 928 uti:
1496 880 1570 942 probe
1585 882 1648 931 enim
1667 883 1741 933 nostis
1765 888 1858 947 coeptus
1874 885 1884 934 i

1126 990 1139 1014 ι
1152 974 1200 1023 rita
1209 975 1298 1026 anobis
1309 991 1382 1040 quam
1392 980 1424 1029 eb
1432 961 1543 1033 tmetibuo
1551 996 1590 1032 me
1601 984 1760 1045 perietitatum
1772 1000 1837 1037 esse.
1847 992 1884 1037 ita

1127 1089 1139 1111 ιι
1151 1076 1232 1119 utitem
1249 1087 1291 1121 voe
1310 1057 1405 1135 modui,
1418 1090 1465 1126 nou
1477 1081 1504 1128 ut
1521 1080 1677 1142 exprobrem,
1690 1082 1783 1143 (notior
1795 1086 1862 1133 euim
1880 1087 1884 1132 i

1126 1190 1138 1213 «
1150 1173 1216 1221 exitu
1230 1175 1286 1223 ritu
1297 1176 1348 1224 Ιιεοο
1359 1178 1383 1226 in
1392 1180 1532 1230 memoriam
1546 1182 1679 1231 revocando
1693 1196 1736 1232 ros
1749 1185 1858 1233 otterteoe
1871 1197 1884 1229 ο

1127 1293 1139 1314 ιι
1153 1274 1349 1340 iirnprr·re,quu1u
1358 1292 1388 1329 n'e
1397 1294 1426 1330 eo
1436 1282 1533 1343 quidem
1545 1286 1884 1347 ternporu,quot1iseiircieba

1127 1401 1138 1423 ι
1153 1381 1236 1430 tuerint
1254 1384 1354 1448 iratus,)
1363 1387 1406 1440 sed
1423 1391 1451 1436 ut
1468 1403 1512 1439 vos
1520 1378 1618 1440 doceam
1628 1394 1708 1442 tutum
1720 1407 1778 1443 esse
1791 1394 1818 1443 in
1829 1398 1884 1456 post

1120 1503 1139 1531 ,ι
1153 1498 1206 1533 rum
1225 1487 1248 1535 iu
1266 1487 1311 1537 troc
1324 1489 1375 1551 ipso
1389 1491 1509 1542 moderate
1528 1508 1611 1556 agere,
1634 1500 1661 1546 ut
1681 1498 1749 1546 uuita
1770 1499 1884 1559 uuprrion

1127 1610 1140 1633 ιι
1153 1592 1236 1653 inputo
1245 1594 1353 1645 obiciatis
1364 1598 1450 1659 opium
1460 1600 1529 1663 etuti,
1540 1616 1596 1664 quae
1605 1603 1674 1653 vobis
1684 1606 1789 1666 troje-,to
1799 1606 1884 1655 tordar

1128 1714 1140 1738 ι
1151 1699 1176 1743 et
1186 1696 1345 1748 t'traoaueeum
1353 1698 1445 1764 adeptio
1453 1703 1537 1754 multae
1547 1704 1655 1756 ederunt
1687 1710 1750 1758 Nem
1761 1709 1783 1757 si
1794 1711 1826 1758 ab
1836 1710 1884 1758 θοι

1128 1815 1140 1838 ι
1154 1796 1272 1847 fastidium
1289 1803 1314 1850 et
1325 1806 1487 1865 contemptum
1505 1805 1600 1856 virtuto
1618 1806 1717 1858 adducti
1734 1810 1845 1871 fueritis,
1860 1815 1884 1860 D.

1128 1915 1139 1935 ι
1152 1896 1224 1945 etiarn
1234 1896 1421 1949 benevolentiam
1431 1900 1544 1962 perdetis.
1577 1905 1677 1961 Quando
1688 1920 1747 1955 vero
1763 1908 1828 1956 trunc
1837 1910 1884 1955 vob

1128 2017 1139 2038 ι
1153 1997 1274 2048 inimicum
1288 2000 1401 2062 feceritis,
1411 2017 1506 2052 romum
1516 2004 1588 2054 etiam
1601 2012 1702 2069 terrun,
1712 2023 1788 2072 quum
1799 2011 1884 2073 possiti

1128 2120 1139 2142 ιι
1153 2100 1223 2162 bitis,
1242 2102 1422 2153 maximiscum
1441 2105 1535 2167 probris
1550 2108 1679 2171 emittetis,
1698 2113 1774 2160 armis
1796 2114 1850 2161 victi
1872 2128 1884 2161 a

1129 2222 1140 2244 ι
1152 2200 1273 2263 Ιιοκιίθοε,
1289 2209 1313 2253 et
1324 2218 1366 2267 per
1381 2205 1463 2256 orbem
1482 2207 1588 2270 dissipati
1605 2212 1678 2257 totam
1694 2212 1785 2261 terram
1800 2219 1825 2262 et
1839 2226 1883 2261 ιοιιι

1129 2324 1140 2345 ιι
1153 2304 1267 2353 seruitute
1277 2310 1355 2353 restra
1362 2305 1489 2367 replebitis.
1499 2306 1574 2355 Vobis
1583 2312 1664 2357 autern
1674 2310 1762 2360 tiorum
1773 2311 1884 2373 pericuiur

1129 2422 1141 2445 ιι
1153 2404 1292 2452 temones
1305 2404 1395 2453 inutitis
1405 2405 1451 2454 erit
1463 2407 1601 2467 poenitentia
1613 2413 1637 2458 et
1645 2408 1726 2469 tegum
1737 2424 1786 2459 nou
1800 2419 1884 2460 εειιοιι

1129 2526 1140 2546 ι
1154 2518 1207 2553 rum
1216 2504 1359 2554 recordatio.
1378 2508 1456 2563 erare
1466 2505 1568 2555 eiruttie
1576 2506 1619 2555 tue
1629 2508 1697 2557 vobis
1708 2523 1817 2570 munere,
1827 2523 1884 2573 quim

1129 2626 1141 2647 ιι
1151 2606 1232 2654 trustes
1240 2605 1419 2667 superaveritis,
1431 2606 1508 2655 nuiioe
1521 2620 1550 2656 ex
1562 2607 1592 2655 iis
1605 2607 1747 2671 relinquite,
1764 2610 1804 2659 eed
1820 2625 1883 2657 omne

1130 2726 1142 2749 ιι
1152 2707 1230 2756 detero
1236 2707 1304 2757 robis
1312 2708 1424 2771 expedire
1430 2708 1580 2769 existimate,
1589 2722 1618 2759 ue
1624 2710 1660 2758 eis
1669 2710 1821 2769 uirentibus,
1834 2712 1884 2758 ιιιοιΙ

1129 2829 1141 2851 ιι
1155 2809 1200 2859 bus
1206 2809 1299 2858 iitorum
1306 2810 1444 2871 degustatio,
1449 2810 1548 2871 patriam
1556 2811 1714 2873 corrumpatis
1721 2813 1884 2861 iustitutionem

1130 2932 1142 2953 ιι
1155 2914 1271 2960 proterea
1281 2924 1367 2959 moneo
1377 2915 1405 2959 ιιι
1417 2914 1443 2958 et
1455 2924 1508 2959 erae
1518 2912 1544 2959 et
1553 2910 1622 2960 turos
1632 2912 1658 2960 et
1670 2911 1775 2975 tempta,
1786 2917 1884 2974 quotque

1131 3032 1144 3055 ι
1156 3013 1289 3072 habebunt,
1299 3010 1425 3071 dejiciatiS,
1437 3014 1462 3060 et
1472 3025 1545 3072 gertus
1558 3016 1584 3060 et
1594 3013 1737 3063 uternoriam
1755 3028 1834 3063 eorum
1849 3014 1884 3073 ign

1131 3135 1143 3157 ιι
1156 3114 1279 3164 aboieatis.
1294 3089 1397 3162 Numito
1413 3114 1490 3161 sotum
1507 3114 1574 3161 tinne
1586 3113 1630 3162 erit
1646 3100 1837 3163 robisbonomm
1847 3127 1884 3175 pru

1131 3236 1143 3257 ι
1157 3216 1261 3277 priorum
1270 3213 1392 3263 securituo
1403 3216 1437 3262 Ut
1447 3214 1528 3262 autem
1543 3214 1639 3275 propter
1654 3214 1780 3261 meliorum
1798 3214 1884 3274 ignorau

1131 3338 1142 3360 ιι
1155 3320 1210 3367 tium
1219 3320 1303 3365 natrrra
1315 3317 1394 3364 vestra
1404 3313 1428 3366 iu
1437 3313 1541 3362 deterius
1550 3326 1597 3361 uou
1608 3312 1707 3372 serator,
1717 3319 1742 3362 et
1750 3312 1811 3371 leges
1819 3311 1880 3359 vobis

1131 3419 1257 3467 «eliciente
1272 3414 1329 3463 mibi
1347 3417 1411 3473 Deo,
1429 3412 1565 3475 αισηιοευί,
1583 3414 1608 3460 et
1620 3410 1757 3473 rcipubiicae
1776 3410 1884 3460 institutio

1132 3540 1144 3561 ι
1156 3530 1224 3575 uero,
1237 3514 1307 3575 cuius
1323 3512 1344 3561 ei
1355 3510 1507 3561 servaveritis
1519 3510 1637 3571 ordinem,
1654 3509 1764 3560 omnium
1775 3508 1884 3560 tetidssim

1132 3616 1352 3683 ..ιιιιιοιιιιιιιιιι
1830 3603 1833 3610 “

1162 3716 1184 3758 a.
1197 3709 1255 3756 itae
1269 3705 1380 3767 ioquutue
1391 3700 1462 3749 trudit
1472 3701 1507 3749 eie
1516 3700 1578 3760 tege
1588 3702 1614 3749 et
1625 3700 1764 3762 reipublicae
1772 3699 1884 3749 ordinatio

1132 3816 1186 3851 nem
1198 3801 1221 3849 iu
1232 3798 1294 3847 tibro
1302 3795 1457 3857 descriptam.
1493 3793 1530 3841 iiii
1547 3806 1603 3841 roro
1614 3794 1752 3856 plorabant,
1764 3796 1789 3843 et
1799 3793 1884 3841 muitun

1128 3900 1177 3961 jam
1199 3901 1251 3946 tum
1262 3891 1405 3942 deuterium
1417 3888 1566 3951 imperatorie
1579 3888 1721 3950 capiebant,
1739 3900 1850 3937 memoret
1860 3899 1884 3948 pr

1131 3993 1260 4043 ricutorum
1268 3992 1293 4038 et
1301 3984 1435 4036 studiorum
1443 3995 1499 4045 quc
1507 3995 1550 4045 pro
1562 3982 1640 4031 mute
1648 3996 1732 4033 εοτοσι
1740 3981 1884 4043 suscepisset,

1131 4090 1156 4139 et
1166 4083 1290 4137 defuturis
1298 4080 1359 4131 mate
1368 4079 1504 4142 sperantes,
1513 4076 1631 4140 quodoon
1641 4077 1828 4127 eeeentsimitem
1837 4074 1884 4136 prin

1131 4176 1209 4240 cipeto
1223 4169 1341 4229 babituri,
1355 4170 1480 4229 Deumque
1492 4165 1572 4214 miuus
1586 4163 1633 4213 iitis
1645 4165 1796 4228 provisurum
1811 4162 1884 4211 existi

1131 4272 1246 4322 necuter,
1258 4262 1370 4328 ηιιοιιίιιιι
1380 4264 1474 4323 bioyece
1482 4264 1533 4309 eret
1541 4258 1582 4321 qui
1594 4272 1649 4308 eum
1666 4260 1775 4321 precibus
1785 4254 1884 4306 exorabat

1132 4370 1164 4416 Et
1172 4364 1296 4421 dolebant,
1306 4371 1402 4417 οοιιιιιι,
1414 4368 1469 4417 quae
1482 4354 1516 4403 itii
1528 4356 1552 4403 iu
1561 4354 1657 4403 deserto
1667 4366 1711 4417 per
1719 4351 1856 4402 iracundiam
1864 4349 1883 4395 ic

1132 4464 1224 4520 cerunt,
1238 4455 1398 4521 prenitentes:
1415 4451 1448 4499 itu
1462 4453 1490 4497 ut
1500 4449 1624 4498 universus
1639 4447 1741 4510 populus
1757 4446 1779 4494 in
1797 4442 1884 4492 lacrimo

1133 4555 1256 4620 prolapsus
1265 4564 1296 4599 ex
1309 4547 1345 4596 irie
1356 4545 1427 4595 rebus
1437 4543 1526 4603 majore
1537 4540 1638 4590 uit'ectus
1650 4540 1683 4589 sit
1698 4539 1778 4588 dolore
1790 4548 1856 4598 quam
1870 4546 1882 4579 u

1133 4649 1206 4698 verba
1216 4646 1375 4709 mesenteum
1388 4634 1516 4687 moeoiari.
1547 4636 1641 4695 Moyses
1654 4633 1735 4681 eutem
1750 4628 1854 4679 solatium
1867 4624 1884 4671 ii

1066 4762 1073 4781 ι
1132 4739 1273 4797 adtinebat,
1289 4745 1378 4795 eosque
1395 4744 1410 4779 a
1428 4726 1554 4789 rogitando
1569 4739 1595 4773 ee
1612 4724 1716 4772 lacrimis
1735 4722 1827 4782 dippum
1843 4727 1884 4765 ωιι

1132 4838 1266 4892 abducent,
1274 4826 1417 4880 admouebat
1428 4826 1455 4873 ut
1464 4821 1603 4884 retpuuttee
1613 4818 1762 4869 institutione
1772 4816 1883 4864 uterentur

1135 4935 1163 4981 tu
1172 4933 1229 4979 tuuc
1237 4924 1335 4990 quidem
1344 4922 1378 4969 ita
1386 4916 1485 4980 digroeei
1494 4918 1558 4962 suut.

1164 5022 1187 5067 t.
1204 5016 1264 5064 tioto
1274 5016 1370 5068 aretem,
1382 5006 1423 5055 ubi
1438 5006 1504 5068 prim
1524 5000 1607 5050 dixero
1618 4999 1648 5049 de
1666 4995 1798 5061 reipubtirm
1811 4990 1883 5041 iustitu

1134 5108 1209 5164 tione,
1221 5100 1308 5162 Moysis
1317 5095 1401 5146 virtuti
1412 5097 1437 5143 et
1450 5089 1560 5153 dignitati
1577 5089 1750 5144 consentanea,
1770 5087 1794 5131 οι
1808 5073 1884 5127 torturi

1134 5208 1163 5244 ειι
1175 5205 1204 5241 ea
1212 5186 1352 5237 docendum
1362 5180 1481 5231 tradidero
1487 5176 1566 5241 quotis
1574 5175 1631 5225 otim
1643 5174 1714 5223 tuerit
1724 5181 1799 5222 rerum
1811 5165 1884 5213 nostru·

1134 5293 1188 5331 nrm
1198 5278 1289 5335 statue,
1306 5270 1449 5331 tuomum
1463 5266 1494 5318 od
1511 5277 1591 5315 rerum
1607 5262 1707 5320 otiorum
1725 5256 1884 5311 coenationrn.
