3859 6084
79 505 195 590 ο-ιο

74 636 217 706 πλινθίνην
225 637 248 693 δ’
261 635 302 692 ὑπ’
317 637 407 694 αὐτῶν
417 637 583 706 ἀνατεθῆναι.
625 635 736 696 Minue·
749 635 812 715 ἄχρι
821 641 866 695 τοῦ

74 728 160 806 δεῦρο
172 725 236 783 κατὰ
248 729 296 803 γῆν
310 749 326 781 τ
339 748 361 796 ,ν
378 723 484 804 Σίριδα.

403 855 496 913 ΚΕΦ.
521 853 562 913 Γ’.

115 1000 169 1060 Καὶ
180 993 297 1058 οὗτοι
265 1023 317 1076 μεν
330 997 400 1056 ἐπτδι
411 998 502 1078 γενείις
517 997 660 1077 διέμειναν,
670 998 738 1061 Θεον
753 999 866 1076 ἡγούμε-

76 1111 110 1144 νοι
125 1088 257 1158 δεσπότην
279 1077 418 1144 εἶναιτῶν
433 1085 509 1158 ὅλων,
528 1085 628 1144 καί’
591 1109 678 1145 παντα
692 1087 755 1166 πρὸς
770 1089 785 1144 d
790 1087 865 1167 ρετην

53 1174 224 1280 οβλεπογτες.
270 1165 344 1233 Eine
358 1173 545 1252 πραῖόντοςτοῦ
552 1196 586 1252 χρ
573 1173 644 1252 ρόνου
656 1173 865 1251 μεταθᾶλλονται

72 1261 134 1339 πρὸς
145 1262 176 1319 τὸ
188 1271 285 1342 χεῖρον
299 1265 402 1319 ἐκτῶν
416 1261 572 1338 πατρίωνίθ
559 1263 666 1337 θισρῶν,
681 1260 748 1336 μήτε
758 1259 804 1328 τδς
817 1285 859 1319 νε·

76 1351 231 1426 ιομισμένας
245 1349 331 1427 τιμὰς
349 1349 444 1408 ἔτι
409 1373 447 1428 τιρ
464 1351 526 1428 Θεῷ
548 1347 705 1428 παρέχοντες
729 1347 795 1425 μήτε
820 1373 864 1408 του

73 1439 134 1516 πρὶς
145 1436 415 1550 α’γθρώπουςδικαίου
422 1435 571 1512 ποιούμενοι
582 1435 669 1512 λόγον,
683 1437 741 1495 ἀλλ’
752 1437 784 1508 ἣν
799 1437 864 1548 πρό·

71 1551 142 1604 τεςσν
151 1533 225 1605 εἰχον
239 1531 291 1598 τῆς
301 1529 419 1640 ἀρετῖγς
409 1491 533 1596 ζηλωσίν,
546 1526 743 1585 διπλασίονα
711 1549 758 1596 της
769 1528 864 1594 κακίας

70 1703 138 1762 Θεον
155 1651 379 1779 ιἐξεπολεμωαιιν.
420 1702 520 1760 Πολλοὶ
534 1659 584 1782 γδιρ
605 1699 710 1779 ἄγγελοι
730 1705 800 1762 Θεοῦ
815 1727 864 1781 γο-

69 1789 134 1858 ναιξι
146 1791 329 1868 συμμιγέντες
340 1788 375 1846 θὸ
377 1789 466 1868 ριστδις
475 1788 615 1865 ἐγέννησαν
623 1791 733 1860 παῖδας,
746 1789 790 1848 καί
800 1811 862 1846 παν·

69 1902 109 1935 :n
97 1901 273 1958 maome
282 1881 365 1935 καλου
373 1876 488 1956 οιδτην
497 1876 579 1956 ίπιτη
587 1875 863 1953 δυναμειπιποίθησιν

68 1967 117 2025 δυο
102 1991 144 2024 ια
164 1968 221 2049 γὰρ
241 1976 300 2033 τοῖς
311 1967 364 2025 ὑπὸ
381 1966 509 2044 γιγάντων
526 1968 699 2042 τετολμησθαι
717 1966 864 2042 λεγομένοις

40 2060 83 2114 οἱ
72 2055 279 2164 ῃρ’Τ“.λιλήνιον,
300 2079 347 2112 και
337 2046 459 2112 οἶτοιδ
445 2063 540 2133 ορᾶοαι
560 2053 754 2131 παραδίδονται.
777 2051 863 2119 Νὼιος

103 2148 216 2216 ,.οῑςι
195 2167 341 2224 πραττομε
330 2143 395 2209 ένοις
409 2147 453 2200 ὑπ’
466 2145 550 2200 αὐτῶν
569 2141 743 2252 δυσχεραίνων
756 2141 863 2208 καὶτοῖς

70 2231 253 2308 βουλευμασιν
271 2229 389 2301 ἀηδῶς*
374 2253 452 2309 εχων,
466 2229 593 2287 έπειθεν’
582 2253 625 2287 επι
639 2253 669 2287 το
682 2233 798 2308 κρεῖττον
818 2233 863 2289 αθ·

68 2321 124 2388 τοὺς
135 2322 187 2392 τὴν
200 2321 324 2378 διάνοιαν
338 2319 384 2378 καί
396 2318 442 2386 τὰς
453 2317 558 2399 πράξεις
572 2317 733 2399 μεταρέρειν.
776 2317 862 2398 Ὁρῶν

69 2411 89 2467 δ’
101 2413 150 2468 αλκ
165 2408 335 2474 ἐνδιδόντας,
346 2405 415 2465 ·οἰλλ’
435 2409 547 2485 ἰσχυρῶς
569 2403 620 2462 ὑπὸ
640 2411 685 2476 τῆς
701 2407 794 2476 ἡδονῆς
811 2411 863 2466 τῶν

37 2519 57 2555 τι
68 2503 158 2556 κακῶν
174 2494 407 2577 κεκρατημένους,
421 2495 509 2568 δείσας
525 2493 561 2570 μὴ
575 2492 620 2552 καί
636 2495 793 2574 ρονεύσωσιν
814 2497 861 2552 αὖ·

68 2587 122 2660 τὸν,
139 2585 212 2661 μετὰ
226 2583 354 2664 γυναικὸς
368 2583 412 2640 καί
428 2585 524 2642 τέκνων
541 2582 586 2640 καί
600 2585 650 2641 τῶν
666 2581 764 2650 τούτοις
779 2605 862 2642 συνοι-

68 2679 170 2732 eunome
188 2671 342 2751 ἐξεχώρησε
355 2676 402 2742 τῆς
422 2675 479 2748 γῆς.

109 2763 145 2839 β’.
166 2760 204 2820 Ὁ
226 2758 257 2817 δὲ
280 2757 350 2824 Θεὸς
370 2764 460 2815 τοῦτον
481 2757 528 2834 μὲν
548 2761 593 2828 τῆς
609 2757 771 2828 δικαιοσύνης
793 2757 863 2835 ἠγεί-

68 2873 149 2950 πηρε,
159 2847 321 2914 κατεδίκαζε
329 2847 350 2902 δ’
361 2847 409 2902 οὐκ
418 2844 528 2911 ἐκείνους
538 2845 615 2956 μθνρν
624 2850 670 2915 τῆς
679 2843 785 2916 κακίας,
795 2845 861 2903 ἀλλὰ

36 2939 134 2994 nitu
124 2960 180 2993 ταν
195 2927 295 2994 ὅσον
278 2959 311 3004 ην
324 2933 483 3040 αἰγθρώτινον
497 2932 553 2990 τότε
569 2931 610 2999 tol
611 2956 642 2989 οιν
658 2933 728 2989 αὐτῶ
745 2933 856 3012 διαρθεῖ·

70 3049 126 3103 ραι,
136 3049 185 3082 και
198 3027 352 3132 ποιῆραιγε
341 3020 394 3088 ’νος
408 3019 495 3099 ἕτερον
505 3020 627 3130 πονηρίρς
638 3020 762 3098 καθαρον,
778 3023 837 3078 ἐπιτ
822 3043 861 3077 ε-

71 3134 104 3187 μο
92 3110 182 3188 iecori:
196 3135 228 3168 τε
245 3112 332 3167 αὐτῶν
345 3131 389 3166 τον
406 3109 471 3188 βίον,
483 3108 529 3166 καί
543 3131 655 3180 recoquere
670 3109 774 3166 ἐτῶν’
748 3130 798 3186 ουχ
811 3107 860 3166 ὅσα

69 3223 133 3278 προτ
123 3223 194 3278 ε.ρον
216 3197 295 3268 ἔζων,
308 3197 367 3255 ἀλλ’
383 3195 515 3255 ἑκατὸν
491 3219 594 3268 εινοσιν,
614 3199 649 3262 εἰς
666 3195 860 3254 θάλασσανν
813 3219 860 3266 την

69 3287 174 3366 ἤπειρον
183 3285 329 3363 μετέὸαλε.
344 3285 395 3344 Και
403 3284 465 3342 οἱ
435 3309 481 3362 μεν
492 3283 570 3351 οὕτως
578 3283 790 3364 ἀρανίζονται
753 3306 860 3350 παντες·

38 3393 60 3429 ει
72 3375 157 3441 Arete<
174 3377 204 3433 δὲ
231 3372 345 3442 σώζεται
365 3372 454 3449 μόνος,
473 3371 631 3449 ὑποθεμένου
654 3371 774 3451 μηχανὴν
790 3373 861 3430 αὐτῶ

73 3465 114 3520 ατί
131 3464 215 3543 πόρον
229 3461 297 3540 πρὸς
316 3459 448 3541 σωτηρίαν
462 3465 507 3518 τοῦ
522 3461 592 3520 Θεοῦ
609 3461 742 3530 τοιαύτην.
786 3461 859 3537 Λίρ-

75 3576 136 3608 νακα
148 3549 329 3630 τετράστεγον
336 3547 548 3620 κατασκευάσας,
556 3553 649 3628 πηχῶν
658 3548 688 3606 τδ
697 3553 779 3624 μῆκος
788 3571 860 3628 τρια-

73 3641 174 3708 ιοείων,
189 3637 358 3706 πεντήκοντα
370 3635 397 3693 δὲ
409 3635 438 3693 τὸ
452 3633 549 3700 πλάτος
560 3635 605 3693 καί
619 3635 758 3714 τριάκοντα
769 3635 799 3693 τὸ
812 3635 860 3714 βοί·

74 3731 124 3797 θος,
145 3729 183 3792 εἷς
198 3722 303 3792 ταύτην
324 3723 371 3780 σίν
385 3745 413 3780 τε
436 3721 528 3802 μητέρι
547 3725 597 3780 τῶν
617 3721 717 3780 παίδοιν
738 3723 783 3780 καί
803 3731 861 3789 ταῖς

41 3833 64 3871 οε
76 3817 168 3872 euhoe
177 3809 301 3892 γυναιξίν
316 3809 407 3882 ἐνέδη,
420 3809 453 3868 τά
465 3833 492 3867 τε
503 3810 570 3868 ἄλλα
582 3811 629 3868 ὅσα
641 3809 704 3888 πρὸς
715 3807 760 3876 τθις
771 3810 859 3890 χρείας

74 3905 153 3968 ινδ-,οῖς
164 3900 354 3978 ἐπικουρήσειν
370 3897 476 3973 ἔμελλεν
487 3898 632 3974 ἐνθέμενος,
647 3897 700 3977 ζῷά
708 3920 736 3955 τε
747 3907 858 3956 παντοῖοι

72 4013 128 4070 τρος
138 3989 300 4068 διατήρησιν
310 3985 448 4064 τοῦγένους
458 3988 555 4058 αὐτῶν,
569 3983 663 4064 ἄρρενιί
673 4007 701 4041 τε
714 3983 758 4042 καί
769 3985 858 4057 θήλεα,

72 4075 324 4152 σατεισδαλόμενος,
345 4074 413 4132 ἄλλα
434 4097 463 4131 τε
481 4073 578 4131 τούτων
602 4073 799 4130 ἑπταπλασίονα
815 4073 858 4131 τδν

70 4165 187 4245 α’ριθμιίν.
232 4155 289 4221 Ἦν
308 4164 331 4219 δ’
346 4166 362 4232 ἡ
377 4160 475 4239 λάρναξ
487 4161 545 4227 rotie
575 4183 603 4218 τε
621 4159 723 4239 τοίχους
744 4161 858 4241 καρτερδι

41 4280 61 4310 ο
70 4254 109 4310 καί
123 4263 178 4318 τοῖς
195 4253 294 4331 ἁρμοῖς
305 4253 418 4328 ἰσχυρῶς
430 4247 579 4324 ἐνδεδεμένη
592 4247 638 4307 καί
651 4249 694 4307 τὸν
706 4247 808 4328 ὄροφον,
823 4253 858 4316 ὡς

71 4341 224 4418 μηδαμόθεν
242 4337 449 4410 ἐπικλύσασθαι,
465 4338 525 4413 μηδ’
539 4341 668 4406 ἡττᾶσθαι
681 4341 727 4408 τῆς
740 4343 786 4394 τοῦ
795 4335 856 4395 θδα-

71 4454 107 4496 τος
122 4431 194 4510 βίας.
256 4425 310 4486 Καὶ
325 4430 338 4484 θ
353 4425 440 4534 Νώερς
463 4423 510 4501 μίν
526 4423 593 4482 olleo
607 4423 674 4502 μετὰ
691 4428 743 4482 τῶν
757 4424 857 4482 οἰκείων

71 4507 277 4587 διασωζεται·
259 4539 293 4586 ην
316 4516 339 4572 δ’
362 4513 439 4580 αὐτὸς
458 4512 505 4586 μὲν
527 4512 581 4570 ἀπὸ
604 4511 715 4589 Ἀδάμου
738 4510 855 4579 δέκατος.

72 4608 196 4694 λαμέχου
216 4603 271 4684 γιίρ
290 4607 360 4662 ἐστιν
378 4602 446 4679 υίὸς,
464 4593 494 4662 οὗ
516 4593 637 4678 πατηρῖ
619 4624 651 4659 τν
669 4599 854 4667 Μαθουσαλας·

43 4697 92 4742 tt
71 4715 137 4762 ουτος
152 4685 216 4752 δὲ
197 4717 233 4764 ην
252 4697 299 4750 τοῦ
316 4689 431 4770 Ἀνώχου
454 4713 500 4748 του
520 4688 653 4769 Ἰαρέδου·
697 4688 854 4759 Μαλουήλου

72 4783 95 4840 δὲ
107 4781 243 4892 Ῑαρέδης
246 4780 373 4883 ἐγεγόνει,
386 4777 454 4844 δςίιι
473 4781 762 4836 Καίνᾶτεκνοῦταιτοῦ
777 4775 856 4838 Ἐνώ-

73 4893 114 4928 σαο
128 4871 176 4926 σὺν
186 4869 311 4949 ἇδελραῖς
325 4865 454 4925 πλείοσιν·
496 4859 615 4930 Ενωσος
625 4863 718 4922 δὲθ
662 4863 718 4935 Σήθ
720 4887 748 4922 ου
758 4856 840 4928 υίὸς
823 4888 854 4935 ην

73 4965 113 5016 rei
126 4959 250 5032 Ἀδάμου.

108 5046 141 5124 γ’.
161 5043 265 5113 Συνέὸη
279 5041 305 5102 δὲ
317 5063 397 5102 τουτο
412 5041 442 5098 re
453 5040 534 5108 ποίθος
547 5038 653 5099 κατὰ
630 5061 660 5097 το
678 5037 854 5146 ίξακοοιοστίρν

46 5155 65 5190 ιο
75 5133 184 5204 ίνςηδη
196 5132 335 5193 Νωέοοῖ
300 5155 349 5201 της
360 5133 461 5234 ἆρχῆς,
479 5129 504 5185 ἐν
524 5151 586 5204 μηνι
576 5124 674 5185 δεοτί
662 5149 725 5206 ερον,
738 5126 792 5186 Δίω
808 5123 855 5202 μέν

75 5225 106 5278 ir
90 5221 305 5282 τοΜακεδόνων
296 5241 446 5322 Αεγομενρι,
457 5213 739 5294 Μαρσουάνῃδὲῦπθι·
724 5219 746 5274 F,
748 5215 809 5292 6ρ’
781 5238 853 5274 αιων·

76 5310 136 5368 οὗτοι
147 5309 197 5390 γὰρ
212 5313 238 5368 ἐν
252 5303 420 5388 Αἰγύπτῳ
396 5327 441 5362 τον
457 5296 600 5363 ίνιοιυτδν
583 5309 649 5375 ἦσαν
662 5303 851 5383 διατεταχότες.

638 505 767 580 ΑΝΤΙΩ.
787 505 869 566 JUD.
892 505 962 566 tte.
982 506 1007 565 l.
1031 507 1114 567 CAP.
1135 507 1190 566 lll.

1502 507 1630 586 [ΙΙ-ὀ]
1673 519 1692 569 ⁹

912 647 985 697 nibus
999 647 1126 712 inactipta.
1143 647 1263 710 εἰπυίηιιε
1283 645 1397 696 indiceret
1413 649 1438 696 et
1453 647 1579 698 lateritiam
1597 649 1628 700 ab
1643 649 1692 700 lilla

911 726 1103 789 conuoluisse.
1136 727 1217 775 llanet
1227 731 1308 774 autem
1317 724 1434 788 hodieque
1443 726 1540 775 interra
1551 726 1635 778 Siride.

1166 859 1246 918 cre.
1266 858 1319 916 ιιι.
1342 857 1410 935 (ιν)

941 1015 972 1063 Et
982 1013 1021 1062 isti
1033 1013 1130 1075 quidem
1139 1025 1181 1076 ρετ
1196 1017 1288 1077 septem
1299 1016 1383 1064 etates
1394 1027 1423 1063 eo
1437 1017 1513 1064 stote
1522 1017 1692 1082 consulerent,

910 1119 989 1166 Deum
999 1129 1043 1180 pro
1058 1129 1139 1166 rerum
1151 1117 1259 1166 omnium
1270 1115 1368 1166 domino
1383 1121 1551 1180 agnoscentes,
1567 1119 1690 1169 virtutem

910 1221 998 1285 quein
1014 1223 1127 1272 omuibus
1146 1222 1308 1286 respicientes.
1352 1222 1498 1273 Procedente
1513 1223 1567 1274 dein
1584 1227 1692 1288 tempore

911 1328 994 1391 patriia
1008 1328 1039 1377 ab
1048 1328 1180 1378 institutis
1173 1343 1198 1378 rn
1214 1327 1281 1392 pejus
1292 1329 1377 1378 muteti
1392 1331 1463 1391 suut,
1477 1345 1555 1394 neque
1564 1331 1624 1392 jerio
1636 1346 1691 1394 erga

910 1430 1021 1480 Ιιοαιίοεε
1039 1431 1155 1480 rationem
1174 1429 1306 1492 tabentes,
1323 1431 1366 1480 sed
1379 1435 1446 1494 ture,
1463 1447 1493 1482 eo
1510 1447 1558 1496 quo
1578 1435 1692 1485 virtutem

909 1537 979 1582 eulea
989 1533 1098 1582 certadre
1114 1531 1237 1593 uolebant,
1248 1532 1323 1596 duplo
1336 1534 1424 1596 maiore
1435 1533 1465 1582 ad
1483 1535 1598 1585 melitiani
1611 1537 1693 1586 studio

910 1739 1003 1788 lentem
1014 1737 1169 1788 reddiderint.
1201 1741 1261 1788 llam
1273 1737 1343 1787 multi
1361 1739 1437 1800 angeli
1450 1741 1505 1799 Dei,
1516 1753 1571 1789 eum
1587 1741 1692 1793 mulieri

909 1837 955 1886 bus
967 1843 1165 1898 ooesueseenles,
1175 1838 1237 1888 illios
1248 1844 1382 1900 gerruerent
1390 1839 1518 1900 injuriosos
1529 1845 1554 1890 et
1564 1842 1642 1890 omnis
1651 1841 1693 1892 Ιιο-

909 1933 970 1982 nestl
980 1935 1169 1994 contemptores,
1178 1935 1275 1995 propter
1283 1931 1396 1994 potentine
1403 1931 1529 1982 liduelem:
1539 1933 1603 1982 lesco
1612 1936 1691 1996 enlm,

909 2045 963 2095 qute
974 2033 1087 2093 Gigantes
1098 2045 1169 2082 ausos
1184 2046 1237 2082 esee
1249 2032 1346 2082 tradent
1356 2033 1447 2093 Greci,
1459 2033 1545 2083 similia
1554 2039 1578 2084 et
1587 2034 1626 2083 isti
1640 2049 1692 2097 per·

909 2140 1014 2198 petresse
1030 2136 1150 2186 dicuntur.
1181 2139 1262 2186 ltoees
1280 2143 1378 2198 eutem,
1389 2151 1445 2200 quse
1456 2137 1487 2186 ab
1507 2138 1538 2188 iis
1555 2140 1607 2187 acta
1623 2143 1692 2187 erent

908 2238 1061 2301 indigestus,
1073 2252 1204 2301 eorumque
1215 2238 1316 2288 consille
1331 2241 1450 2300 gravatim
1466 2239 1558 2300 terens,
1575 2241 1692 2290 arradelost

908 2346 936 2390 ut
945 2341 969 2390 ln
979 2341 1065 2390 metius
1072 2345 1175 2389 mentem
1184 2345 1300 2403 actosque
1311 2345 1439 2391 mutarent
1457 2343 1561 2402 Verere,
1571 2356 1646 2404 quum
1657 2343 1691 2391 ri·

908 2443 974 2492 derel
992 2442 1045 2492 illoe
1064 2441 1109 2491 selei
1129 2454 1176 2490 eon
1195 2454 1295 2504 perere,
1316 2445 1427 2504 totosque
1448 2443 1561 2491 vitiorum
1576 2443 1693 2492 illecebris

908 2542 1007 2601 irretiri,
1019 2541 1109 2590 veritus
1122 2555 1152 2590 ee
1163 2543 1188 2590 ol
1197 2555 1222 2590 se
1234 2555 1290 2590 euru
1303 2555 1378 2589 uxore
1387 2545 1412 2590 et
1421 2541 1476 2590 filiis
1487 2555 1619 2604 euntemque
1633 2556 1691 2590 con·

907 2641 1004 2704 iegibus
1015 2641 1195 2702 interimerent,
1204 2641 1235 2690 ab
1244 2654 1272 2691 ee
1283 2643 1345 2690 terra
1356 2640 1475 2690 discessit

940 2766 962 2808 2.
975 2762 1041 2808 Deus
1052 2763 1132 2806 οιιιειπ
1143 2757 1211 2805 illum
1223 2756 1321 2819 quidem
1333 2757 1433 2819 justitio
1449 2771 1505 2818 ergo
1517 2757 1689 2821 veldedilexit,

908 2853 967 2903 istos
977 2867 1034 2902 eero
1039 2868 1086 2902 eon
1093 2854 1172 2902 solem
1180 2853 1277 2902 melitite
1286 2852 1418 2912 demeavit,
1426 2852 1478 2912 sed,
1486 2866 1561 2915 quere
1569 2854 1647 2902 risum
1657 2867 1692 2902 es-

908 2953 945 3000 set
953 2947 975 2996 ei
983 2947 1204 3006 uuiversemgeeus
1212 2945 1344 2994 immanem
1356 2944 1467 3005 uendere,
1476 2945 1589 3006 aliudque
1597 2958 1688 2995 noveru

908 3039 1005 3088 sceleris
1016 3051 1103 3101 purum
1121 3038 1269 3098 instaurare,
1285 3039 1426 3098 resectoque
1442 3037 1499 3084 ritae
1514 3037 1592 3098 spello
1602 3039 1627 3084 et
1639 3050 1688 3086 nors

908 3136 1007 3186 totidem
1014 3147 1130 3184 annorum
1140 3147 1168 3183 ec
1177 3133 1256 3196 ρτίοε,
1264 3132 1306 3182 sod
1315 3135 1412 3182 eentum
1419 3139 1444 3181 et
1454 3133 1537 3193 riniani
1547 3133 1689 3190 constituto,

907 3229 1068 3277 continentem
1080 3229 1168 3276 terrem
1180 3225 1205 3274 in
1213 3225 1287 3288 pelugi
1302 3224 1386 3273 lecicm
1397 3225 1534 3273 immutarit
1547 3239 1553 3272 ε
1566 3228 1591 3274 et
1605 3226 1638 3273 sic
1649 3227 1689 3274 isti

907 3320 1004 3382 ¹quidem
1013 3319 1118 3368 universi
1126 3317 1247 3380 absumpti
1257 3322 1320 3366 sent.
1337 3319 1416 3365 ltoeus
1428 3323 1507 3365 eutem
1517 3317 1583 3366 soles
1593 3322 1630 3366 est
1640 3331 1689 3366 ser·

847 3431 851 3454 ι
906 3419 990 3472 vetes,
1004 3415 1053 3461 Deo
1061 3411 1105 3472 ipsi
1115 3409 1253 3474 eujusmodi
1263 3409 1376 3458 fabricem
1384 3408 1514 3457 etvhmad
1523 3409 1624 3457 sulutem
1636 3422 1689 3471 seg·

906 3506 1009 3566 gerente.
1048 3508 1133 3551 Aream
1145 3505 1259 3563 qeettnor
1270 3500 1472 3560 contignationem
1489 3505 1643 3559 construens,
1662 3502 1689 3548 ut

907 3595 1029 3658 iongitudo
1042 3597 1159 3644 trecentos
1170 3593 1267 3642 cubitos
1276 3594 1382 3654 pateret,
1392 3591 1493 3640 latitudo
1503 3591 1688 3654 quinquaginta,

905 3697 930 3744 et
940 3692 1042 3742 altitudo
1057 3691 1169 3752 triginta,
1182 3690 1208 3738 ie
1228 3703 1280 3738 cam
1292 3703 1348 3738 cure
1361 3691 1438 3738 matre
1450 3689 1551 3737 liliorum
1563 3695 1587 3737 et
1603 3700 1687 3738 eorum

905 3790 1046 3852 eonjugibus
1061 3788 1211 3848 conscendit,
1227 3787 1342 3850 ollisque,
1353 3800 1408 3850 qum
1426 3786 1456 3834 ad
1469 3800 1527 3834 esrrs
1542 3787 1687 3835 neeesserios

904 3887 950 3935 eibi
961 3886 1110 3948 suppetiture
1127 3885 1221 3947 essent,
1236 3883 1369 3946 impositis,
1386 3883 1566 3944 omnigenisque
1581 3882 1686 3930 animali·

904 3976 963 4036 bue,
976 3977 1053 4038 iisque
1065 3989 1130 4026 mare
1140 3981 1165 4026 et
1174 3976 1274 4035 lemine,
1287 3975 1316 4024 ed
1332 3989 1407 4036 genus
1419 3976 1513 4024 illorum
1529 3975 1686 4038 reperiendum

904 4085 985 4121 secure
995 4071 1150 4132 introductis,
1160 4078 1184 4121 et
1192 4085 1223 4120 ex
1230 4072 1284 4120 eliis
1294 4085 1377 4120 eorum
1387 4075 1479 4134 septem
1490 4085 1597 4120 uerrerero.
1630 4074 1687 4119 Erat

903 4175 984 4218 antem
994 4182 1129 4232 arcaqnnm
1140 4169 1270 4231 parietibus
1277 4167 1365 4228 relide,
1375 4173 1427 4216 tum
1436 4167 1600 4216 commi-Auris
1610 4172 1685 4215 tecto·

903 4275 951 4325 que
962 4261 1044 4322 tinne,
1056 4267 1082 4310 et
1092 4261 1196 4310 eollaee
1213 4266 1280 4323 parte
1295 4260 1498 4320 urbmergereter,
1510 4260 1552 4307 aet
1567 4271 1684 4319 aquarum

903 4358 1023 4407 violentie
1033 4357 1136 4407 coderet
1169 4362 1247 4419 Atque
1258 4356 1290 4404 ita
1303 4356 1400 4419 quidem
1415 4360 1496 4405 ltceus
1504 4369 1560 4403 cum
1572 4354 1622 4402 suis
1632 4368 1683 4403 aer·

904 4459 1028 4505 vetusest.
1061 4455 1118 4504 Erat
1134 4457 1215 4503 antem
1230 4453 1281 4516 ipse
1298 4453 1396 4516 quidem
1414 4452 1444 4500 ab
1456 4451 1547 4500 Ademo
1564 4451 1682 4500 decimus.

902 4561 962 4608 llam
974 4557 1092 4606 humectio
1103 4555 1256 4618 estgeeitus,
1272 4555 1311 4602 cui
1326 4557 1392 4616 pater
1403 4557 1453 4601 erat
1466 4552 1625 4614 mathusalam
1643 4554 1683 4602 hie

902 4660 982 4704 eutem
1001 4654 1091 4704 Anoclri
1110 4653 1167 4713 luit,
1180 4651 1222 4700 lilii
1241 4650 1332 4710 sareon
1350 4663 1380 4698 er
1396 4651 1498 4700 Meluelo
1513 4663 1570 4698 rere
1589 4651 1682 4713 genitus

901 4755 936 4800 est
945 4751 1058 4810 leredes,
1070 4749 1172 4812 quicum
1182 4747 1303 4795 sororibus
1314 4745 1424 4809 plurimis
1431 4761 1459 4795 er
1469 4749 1543 4796 coire
1553 4750 1681 4809 prognatus

900 4855 951 4911 est,
964 4850 1036 4900 Eeosi
1048 4847 1113 4904 irli03
1129 4847 1154 4894 et
1163 4848 1257 4894 Enosus
1269 4846 1332 4896 Setlri
1346 4846 1408 4895 lilius
1418 4852 1482 4904 erat,
1496 4847 1536 4910 qui
1551 4860 1580 4895 ex
1591 4847 1682 4896 Ademo

901 4957 973 5000 uetus
983 4954 1027 4998 eet.

931 5053 954 5097 3.
965 5045 1068 5106 Coetlmt
1078 5048 1159 5092 eutem
1170 5042 1222 5092 leec
1231 5043 1352 5092 calamitas
1360 5056 1421 5092 enee
1430 5043 1508 5092 aletes
1517 5041 1574 5091 'loen
1581 5055 1681 5092 senoen-

902 5135 999 5196 tesino,
1010 5147 1092 5183 mense
1102 5132 1257 5194 secundoque
1250 5132 1457 5182 eAlecedonibes
1469 5135 1529 5180 Dius
1538 5131 1679 5194 appelletur,

899 5225 931 5272 ab
942 5223 1047 5273 noereio
1064 5228 1145 5271 autern
1165 5224 1306 5271 Merseone:
1317 5221 1348 5270 ltu
1360 5221 1422 5270 euim
1440 5220 1463 5268 ie
1478 5222 1680 5280 Aigyptoaeuune

899 5311 1082 5361 mreslituerent.
1122 5312 1216 5370 llloyses
1227 5312 1309 5358 autem
1320 5309 1405 5368 Nisae,
1420 5309 1462 5369 qui
1480 5311 1516 5356 cst
1527 5307 1674 5359 Aeolidem,
