3859 6084
311 449 367 498 218
410 438 529 517 (crocco.)

305 573 391 646 αὐτὸν,
412 575 467 633 zui·
475 586 556 636 ποιεῖν
576 579 609 637 τδι
627 581 714 662 ἐκείνῳ
734 585 859 646 δοκοῦντα
880 592 989 668 ἑτοίμως
1009 595 1079 675 ἔχειν

305 660 402 734 ἔλεγον.
418 661 555 742 Ἐγένοντο
565 663 592 723 δὲ
602 669 625 724 οί
639 668 734 736 πάντες
747 673 809 730 ὡσεί
822 678 991 756 τετρακόσιοι.
1007 689 1080 765 Θαρ·

305 750 386 827 ρήσας
396 749 422 808 δὲ
435 753 469 817 ὡς
483 751 528 809 καλ
543 754 629 834 χειρὸς
643 758 772 836 αὐτῷκαὶ
786 765 920 841 συνεργίας
933 767 984 839 ήδη
998 793 1082 851 προσ-

303 838 490 915 γεγενημένης,
507 837 611 921 ἀπάρας
626 845 728 919 Ιἐκεῖθεν
743 849 889 927 ἀφικνεῖται
900 854 963 933 πρὸς
976 856 1020 914 τδν
1029 863 1081 917 τῶν

779 453 1063 519 ΑΡΧΛΙΟΔΟΓΙΔΣ
1086 465 1181 526 ΒΙΒΔ.
1204 471 1245 545 C.
1269 475 1361 534 ned.
1386 479 1433 536 113.

1781 497 1896 566 [sinent]

1127 618 1277 676 exsequenda
1289 626 1383 682 paratos
1398 637 1452 674 esse
1463 625 1582 677 dicebant.
1615 633 1689 681 Erant
1697 639 1778 684 ειιιεοι
1799 640 1897 695 universi

1127 703 1221 753 circiter
1245 707 1420 772 quadringenti.
1468 716 1498 762 Et
1521 715 1572 777 iam
1596 717 1681 768 fidncia
1699 721 1776 772 datus
1796 727 1856 786 quod
1877 731 1897 777 ci

1127 802 1241 842 numerus
1259 798 1361 846 creverit
1375 805 1400 848 et
1413 800 1529 851 auritium
1543 806 1652 870 venerit,
1666 821 1695 856 eo
1708 809 1759 859 foco
1776 814 1856 861 relicto
1870 815 1897 867 ad

1124 879 1285 930 Moabitarum
1312 899 1392 946 regem
1412 889 1586 954 proficiscitur,
1608 895 1736 960 ipsumque
1753 901 1841 949 orabat
1859 907 1896 963 ut,

276 925 457 988 εΜωαόιτῶν
478 928 608 1006 βασιλέα,
629 930 674 987 καὶ
694 932 753 999 τοθς
771 937 852 1012 γονεῖς
871 942 949 1000 αὐτοῦ
970 946 1006 1011 εἰς
1025 944 1072 1016 τήν

302 1016 380 1071 αὐτοῦ
394 1010 484 1094 χώραν
498 1015 715 1095 προσδεξάμενον,
730 1019 778 1088 ἕως
793 1021 824 1081 δν
839 1030 892 1106 γνῷ
910 1028 940 1087 τὸ
955 1030 1014 1090 καθ’
1031 1037 1079 1090 αὖ.

300 1100 344 1160 τὸν
358 1101 444 1178 τέλος,
459 1100 529 1181 ἔχειν
542 1105 694 1183 παρεκάλει.
737 1110 950 1183 Κατανεύσαντος
964 1118 987 1175 δ’
1000 1121 1078 1178 αὐτοῦ

300 1188 348 1260 τήν
362 1188 439 1269 χάριν
457 1189 502 1248 καί
521 1189 609 1262 πάσης
625 1190 683 1259 τούς
696 1196 778 1270 γονεῖς
795 1203 840 1256 τοῦ
855 1197 969 1262 Δαυίδου
988 1210 1079 1282 τιμῆς,

299 1280 362 1355 παρ’
372 1276 400 1336 δν
412 1277 553 1357 ἐτύγχανον
564 1283 628 1359 παρ’
636 1282 707 1362 αύτῷ
716 1282 817 1362 χρόνον,
827 1285 996 1363 ἀξιώσαντος,
1008 1294 1023 1324 ⁴¹
1037 1296 1050 1321 *
1065 1296 1077 1322 *

262 1388 286 1428 ιο
340 1364 373 1424 δ’.
398 1365 480 1430 Αὐτὸς
505 1364 548 1438 δὲ,
571 1371 616 1425 τοῦ
645 1370 780 1449 προφήτου
803 1374 972 1444 κελεύσαντος
999 1380 1077 1440 αὐτὸν

299 1449 346 1522 τὴν
364 1450 411 1527 μὲν
425 1451 534 1531 ἐρημίαν
552 1455 676 1526 ἐκλιπεῖν,
689 1458 846 1536 πορευθέντα
858 1464 881 1520 δ’
902 1465 937 1528 εἷς
951 1464 997 1535 τήν
1009 1469 1077 1539 κλη-

300 1537 406 1618 ρουχίαν
426 1544 472 1610 τῆς
486 1539 572 1599 Ἰούδα
596 1545 677 1622 φυλῆς
701 1546 728 1601 ἐν
748 1548 813 1626 αὐτῇ
833 1548 930 1626 διάγειν
948 1552 1077 1627 πείθεται,

299 1626 344 1683 καὶ
357 1625 565 1706 παραγενόμενος
580 1630 614 1693 εἰς
627 1631 716 1708 Σάρην
731 1630 806 1690 πόλιν
819 1637 845 1693 ἐν
860 1640 926 1715 αὐτῇ
941 1639 1076 1714 κατέμενε.

299 1713 414 1780 Σάουλος
428 1716 451 1772 δ’
465 1714 577 1781 ἀκούσας
586 1715 626 1774 ότι
641 1717 708 1792 μετὰ
720 1719 832 1790 πλήθους
843 1724 930 1802 ὀφθείη
947 1726 1075 1798 Δαυίδης,

261 1819 285 1860 tu
299 1802 345 1859 οὐκ
365 1803 401 1869 εἰς
415 1801 529 1881 τυχόντα
547 1803 654 1883 θόρυύον
668 1805 713 1864 καί
728 1808 846 1887 ταραχήν
866 1810 997 1891 ἐνέπεσεν,
1018 1817 1075 1872 ἀλλ’

299 1886 371 1954 εἰδὼς
385 1888 415 1946 τὸ
429 1887 549 1969 φρόνημα
561 1895 606 1948 τοῦ
622 1892 712 1971 ἀνδρὸς
721 1893 766 1951 καί
777 1893 825 1966 τήν
838 1899 990 1975 εὐτολμίαν,
1004 1903 1076 1959 οὐδὲν

298 1975 325 2042 ἐξ
343 1979 421 2034 αὐτοῦ
439 1975 529 2056 μικρὸν
545 1977 686 2058 ἀνακύψειν
701 1979 784 2058 ἔργον,
808 1986 850 2062 ὑφ’
865 1976 895 2041 οῦ
917 1988 1076 2047 κλαύσεσθαι

298 2062 400 2130 πάντως
410 2063 454 2121 καὶ
467 2063 586 2134 πονήσειν
601 2065 736 2138 ὑπενόησε.
779 2069 833 2128 Καί
847 2074 1009 2146 συγκαλέσας
1019 2075 1076 2142 τοῦς

298 2150 385 2228 φίλους
397 2151 441 2210 καὶ
453 2151 512 2217 τούς
521 2152 649 2228 ἡγεμόνας
663 2153 708 2211 καὶ
721 2153 768 2226 τήν
779 2156 860 2236 φυλήν
877 2158 902 2225 ἐξ
912 2152 942 2231 ής
956 2162 1033 2228 αὐτὸς
1044 2155 1074 2234 ἦν

257 2258 283 2299 ao
297 2236 360 2316 πρδς
367 2237 442 2296 αὑτὸν
451 2239 494 2296 ἀπὶ
501 2237 544 2296 τδν
552 2239 641 2318 βουνὸν
652 2231 682 2298 οῦ
690 2240 719 2299 τδ
732 2243 862 2321 βασίλειον
873 2237 936 2325 εἶχε,
949 2250 994 2306 καί
1003 2251 1075 2308 καθί·

296 2345 344 2390 σας
354 2325 397 2382 ἀπ’
410 2323 539 2406 Ἀρούρης,
550 2324 639 2402 (τόπος
651 2328 673 2384 δ’
685 2319 716 2400 ήν
724 2352 761 2396 τις
773 2329 840 2388 ούτω
850 2336 1076 2415 προσαγορευόμε-

295 2415 359 2490 νος,)
374 2417 452 2490 τιμῆς
463 2415 598 2486 πολιτικῆς
612 2415 672 2494 περὶ
687 2416 763 2474 αὐτὸν
773 2418 850 2491 οὔσης
862 2422 906 2479 καὶ
920 2428 966 2494 τῆς
979 2425 1075 2493 τάξεως

294 2502 345 2557 τῶν
363 2501 602 2580 σωματοφυλάκων,
626 2503 695 2580 λέγει
711 2505 773 2581 πρὸς
791 2507 890 2575 αὐτούς·
943 2538 954 2562 ιι
984 2511 1074 2592 ἀνδρες

295 2586 462 2669 «ὁμόφυλοι,
477 2589 609 2664 μέμνησθε
626 2589 673 2667 μὲν
694 2582 742 2649 οἶδ’
764 2593 868 2652 ὅτιτῶν
887 2599 956 2672 ε’μῶν
972 2601 1074 2680 εὐεργε-

254 2695 281 2734 as
294 2701 305 2728 ι
320 2680 392 2749 σιῶν,
409 2675 448 2734 ότι
465 2675 510 2734 καί
522 2679 608 2756 ἀγρῶν
622 2701 694 2746 τινας
708 2681 818 2752 ἐποίησα
833 2683 959 2752 δεσπότας
976 2690 1020 2744 καὶ
1034 2711 1073 2745 τι-

294 2791 306 2816 a
320 2768 376 2837 μῶν
390 2767 441 2822 τῶν
453 2767 479 2821 ἐν
488 2767 525 2844 τῷ
539 2766 632 2836 πλήθει
646 2766 691 2823 καὶ
701 2765 797 2833 τάξεσιν
812 2767 920 2837 ἠξίωσα.
965 2775 1072 2832 Πυνθά-

293 2875 399 2928 «νομαι
426 2858 562 2931 τοιγαροῦν
588 2855 610 2910 εἷ
640 2853 757 2928 μείζονας
780 2853 877 2912 τούτοιν
904 2859 1001 2938 δωρεάς
1027 2861 1072 2920 καί

296 2939 439 3004 «πλείονας
465 2939 537 3017 παρδι
561 2946 607 2997 τοῦ
634 2940 760 2999 Ἰεσσαίου
786 2942 877 3010 παιδὸς
899 2947 1070 3022 προσδοκᾶτε.

294 3017 387 3086 «Οἶδα
404 3027 453 3104 γδιρ
474 3026 513 3083 ὅτι
533 3029 628 3093 πάντες
651 3027 741 3108 ἐκείνῳ
762 3029 947 3108 προστίθεσθε,
974 3036 1071 3110 τούμοῦ

252 3141 278 3178 30
294 3113 407 3180 «παιδὸς
427 3114 549 3174 Ἰωνάθου
576 3117 655 3172 αὐτοῦ
681 3139 710 3172 τε
739 3114 806 3174 οθτω
828 3118 1003 3195 φρονήσαντος
1026 3122 1071 3180 καί

294 3227 305 3253 ι
321 3207 388 3274 ὑμᾶς
401 3201 484 3258 ταύτὰ
500 3201 645 3267 πείσαντος.
687 3205 726 3262 (λύ
741 3201 792 3281 γάρ
806 3206 890 3280 ἀγνοῶ
904 3204 963 3272 τοῦς
980 3207 1071 3286 όρκους

293 3315 304 3340 o
318 3288 364 3346 καί
379 3287 426 3354 τδις
440 3289 569 3360 συνθήκας
580 3288 625 3355 τθις
637 3287 701 3370 πρδς
715 3286 833 3360 Δαυίδην
848 3293 918 3372 αὐτῷ
928 3295 1069 3370 γεγενημέ·

291 3403 302 3426 υ
319 3399 381 3449 νας,
399 3373 457 3435 οὐδὲ
471 3375 511 3433 ὅτι
525 3375 670 3452 σύμύουλος
691 3374 738 3454 μὲν
752 3377 796 3434 καλ
814 3379 934 3458 συνεργδς
948 3381 1070 3453 Ἰωνάθης

290 3490 301 3514 ι
318 3462 373 3520 ἐστὶ
384 3468 435 3521 τῶν
446 3463 503 3520 κατ’
516 3464 580 3539 ἐμοῦ
596 3463 815 3539 συντεταγμένων.
857 3465 940 3525 Μέλει
955 3464 982 3523 δὲ
994 3469 1068 3543 ὑμῶν

250 3569 275 3607 es
291 3578 302 3600 α
320 3551 402 3607 οὐδενὶ
420 3550 480 3624 περὶ
500 3550 605 3620 τούτων,
625 3549 694 3608 ἀλλὰ
706 3551 734 3608 τὸ
748 3551 945 3626 ἀποθησόμενον
964 3555 1068 3632 ἡσυχά-

290 3641 397 3706 σζοντες
415 3642 543 3697 σκοπεῖτε.
567 3665 579 3691 ν
629 3637 816 3708 Σιωπήσαντος
832 3638 859 3697 δὲ
873 3644 918 3697 τοῦ
941 3640 1067 3718 βασιλέως

290 3725 368 3790 ἄλλος
389 3725 435 3802 μὲν
457 3727 536 3790 οὐδεὶς
550 3725 708 3806 ἀπεκρίνατο
722 3729 772 3784 τῶν
795 3725 940 3805 παρόντων,
960 3727 1068 3800 Δόιηιιος

290 3812 346 3870 δὲθ
366 3813 492 3893 Σύρος,θ
513 3813 559 3879 τδις
578 3814 698 3889 ἡμιόνους
719 3816 798 3872 αὐτοῦ
815 3813 925 3893 βόσκων,
943 3807 1012 3874 εἶπεν
1033 3821 1068 3884 ὡς

289 3901 338 3958 ἴδοι
356 3900 399 3958 τὸν
421 3899 536 3970 Δαυίδην
550 3903 583 3965 εἷς
608 3900 701 3958 Ναύᾶν
723 3899 800 3958 πόλιν
820 3902 883 3980 πρὸς
898 3902 1066 3982 Ἀχιμέλεχον

250 4005 277 4044 tn
291 3989 396 4048 ἐλθόντα
417 3990 462 4047 τδν
484 3988 621 4068 ἀρχιερέα,
643 3989 676 4046 τά
696 4013 724 4046 τε
748 3988 876 4064 μέλλοντα
899 3989 960 4067 παρ’
987 3994 1065 4048 αὐτοῦ

288 4075 512 4156 προφητεύσαντος
534 4079 624 4152 μαθεῖν
646 4075 691 4133 καί
708 4075 823 4134 λαθόντα
842 4076 930 4155 ἐφόδια
953 4077 997 4137 καὶ
1017 4078 1065 4144 τήν

289 4162 420 4244 ῥομφαίαν
435 4169 479 4221 τοῦ
495 4165 620 4223 Γολιάθου
632 4163 695 4242 πρὸς
709 4163 750 4229 οῦς
765 4163 885 4222 tiodiem
899 4163 965 4239 μετὰ
979 4167 1065 4244 ἀσφα-

286 4251 356 4318 λείας
370 4257 579 4332 προπεμφθῆναι.

326 4337 355 4399 ε’.
372 4341 620 4416 Μεταπεμψάμενος
640 4331 683 4397 οῦν
702 4339 745 4397 τδν
767 4339 890 4420 ἀρχιερέα
909 4339 953 4397 καί
976 4351 1063 4398 πᾶσαν

246 4452 273 4494 qs
287 4429 364 4486 αὐτοῦ
380 4429 427 4500 τήν
444 4427 592 4506 συγγένειαν
609 4428 739 4497 Σάουλος,
754 4456 765 4480 ι
780 4429 805 4485 τί
818 4428 916 4498 παθῶν,
940 4419 1022 4503 εἶπεν,
1037 4430 1063 4496 ἐξ

286 4518 379 4591 «ἐμοῦ
401 4517 480 4574 δεινὸν
501 4517 545 4574 καὶ
565 4515 646 4596 άχαρι
663 4515 706 4572 τὸν
722 4514 849 4574 Ἰεσσαίου
870 4517 953 4572 παῖδα
968 4539 1063 4594 προσε-

286 4603 390 4675 αδέξω,
410 4605 456 4662 καί
474 4603 563 4663 σιτίων
578 4604 627 4679 ott
648 4607 719 4682 αὐτῷ
735 4603 882 4678 μετέδωκας
902 4610 947 4660 καὶ
963 4601 1060 4674 ὅπλων,

287 4718 298 4740 ι
311 4691 366 4748 <ivo
384 4696 429 4760 τῆς
446 4695 511 4768 ἐμῆς
534 4691 667 4770 βασιλείας
690 4691 838 4770 ἀπιῦούλῳ,
857 4691 881 4747 τί
899 4689 948 4770 γὰρ
967 4691 997 4760 δή
1017 4691 1062 4748 καί

286 4777 369 4856 «περὶ
393 4782 444 4836 τῶν
467 4779 613 4855 μελλόντων
639 4779 824 4857 ἐχρημάτιζες,
846 4780 874 4834 ού
900 4778 950 4857 γάρ
976 4778 1007 4848 δή
1032 4803 1061 4836 σε

247 4889 296 4928 τοι
312 4865 412 4945 φεύγων
423 4866 468 4938 ἐμὲ
478 4865 523 4923 καὶ
536 4871 619 4942 μισῶν
629 4865 672 4925 τδν
686 4865 746 4942 ίμδν
756 4859 825 4924 οἶκον
838 4863 974 4922 ἐλάνθανεν
990 4893 1013 4924 ν.
1026 4865 1060 4926 Ὁ

284 4951 306 5008 δ’
322 4951 455 5030 ἀρχιερεὺς
474 4955 521 5010 οίικ
542 4956 582 5010 ἐπ’
601 4954 707 5032 άρνησιν
722 4953 820 5031 ἐτράπη
835 4957 887 5010 τῶν
908 4952 1059 5030 γεγονότοιν,
1179 5025 1185 5036 ο
1231 5027 1236 5036 Ι
1409 5023 1413 5032 Ι
1652 5020 1657 5030 ,
1791 5013 1795 5022 .

285 5040 353 5097 ἀλλὰ
362 5038 428 5097 μετὰ
440 5039 586 5118 παρρησίας
597 5047 680 5098 ταῦτα
692 5048 838 5120 παρασχεῖν
849 5041 991 5118 ὡμολόγει,
1000 5041 1059 5119 ηῡρὶ
1104 5028 1164 5075 facta
1178 5025 1325 5082 indueretur,
1341 5023 1383 5071 sed
1398 5023 1471 5071 bbere
1487 5022 1604 5070 fatebatur
1614 5034 1640 5069 sc
1650 5020 1690 5069 itia
1700 5013 1863 5114 suppeditasse.

284 5097 384 5204 Δαυγέ,
407 5127 588 5206 ,αρχόμεωῢ
612 5129 669 5184 ἀλλ’
690 5131 771 5206 “¹³⁸sp-
795 5108 825 5179 ’ς
849 5126 981 5204 Πολέμων
1006 5108 1057 5207 qi}
1103 5140 1150 5174 non
1162 5125 1314 5174 utaDaride
1324 5123 1423 5186 gratiam
1435 5123 1512 5181 iniret,
1530 5119 1573 5169 scd
1584 5120 1615 5168 ab
1627 5121 1688 5181 ipso.
1721 5137 1732 5159 ι
1749 5112 1863 5165 'tintcum

285 5216 330 5276 σόν
358 5219 404 5275 οὐκ
420 5195 426 5206 ⁶
440 5214 532 5272 εἰδέναι
562 5215 675 5296 ἔφασκε,
703 5216 793 5274 πιστὸν
821 5215 846 5273 δὲ
875 5218 900 5272 ἐν
927 5217 979 5280 τοῖς
1006 5216 1058 5291 μά·
1104 5244 1115 5264 ιι
1129 5223 1282 5273 tiostetuosse
1291 5235 1320 5269 nc
1331 5221 1430 5270 scivisse
1439 5217 1568 5281 qnideiusc
1578 5218 1664 5275 aiebat,
1677 5215 1805 5263 ministrum
1815 5212 1861 5248 sero

1125 969 1262 1028 parentibus
1271 974 1323 1023 suis
1333 977 1357 1023 in
1367 976 1420 1038 ejus
1431 979 1547 1030 ditiouein
1558 984 1672 1045 receptis,
1684 985 1750 1045 iiius,
1761 986 1820 1035 ditm
1830 989 1898 1039 sciret

1124 1055 1181 1116 qnid
1196 1057 1241 1108 sibi
1254 1060 1362 1111 futurum
1372 1070 1448 1127 asset,
1458 1069 1572 1129 praesidio
1582 1075 1695 1121 tueretur.
1720 1073 1764 1122 tito
1776 1088 1832 1124 roro
1840 1077 1895 1126 banc

1124 1145 1353 1204 ffl²⁵³m³⁰⁰⁰0⁰10
1368 1159 1525 1218 urentesque
1546 1159 1643 1208 novun
1654 1173 1726 1221 qnam
1738 1163 1781 1212 on
1800 1178 1853 1213 cnm
1870 1179 1896 1214 ω

1123 1239 1202 1282 &seut
1211 1236 1275 1284 omni
1285 1237 1374 1289 bonore
1386 1247 1564 1304 pro.;equu10‚*
1577 1247 1590 1271 ι
1601 1250 1614 1272 ε

1154 1394 1177 1438 t.
1187 1394 1218 1442 nt
1232 1393 1379 1458 ipse‚quum
1389 1401 1506 1462 propbeta
1517 1403 1540 1451 ei
1555 1402 1694 1466 imperasset
1705 1411 1731 1455 ut
1744 1421 1759 1456 e
1773 1408 1893 1458 sotitudine

1121 1483 1220 1544 quidem
1230 1487 1321 1549 abiret,
1333 1490 1356 1538 in
1369 1496 1459 1541 sortem
1472 1507 1530 1542 vero
1539 1495 1616 1544 tribus
1627 1498 1697 1546 tuda·
1708 1501 1839 1549 concedens
1850 1501 1893 1549 ifiic

1122 1580 1248 1644 babitaret,
1259 1583 1333 1644 jussis
1339 1584 1488 1648 obsequitur,
1496 1593 1520 1636 et
1528 1589 1552 1638 iu
1558 1593 1640 1639 saram
1650 1592 1734 1640 urbem
1741 1608 1769 1642 se
1776 1597 1892 1644 conferens

1120 1676 1208 1726 ibidem
1219 1684 1378 1728 commoratus
1388 1684 1432 1730 est.
1465 1686 1552 1735 sanim
1563 1690 1642 1735 antem
1651 1725 1658 1747 ‚
1668 1689 1707 1737 nbi
1717 1689 1811 1737 audivit
1824 1693 1889 1738 Dari·

1120 1769 1235 1820 domuum
1247 1773 1376 1824 multorum
1385 1778 1497 1829 comitatu
1508 1793 1562 1830 esse
1572 1791 1742 1844 conspectum,
1753 1785 1777 1832 in
1786 1800 1831 1834 non
1841 1801 1885 1835 mc·

1119 1863 1224 1913 diocrem
1233 1867 1354 1928 conjectus
1363 1874 1401 1919 cst
1411 1878 1502 1922 metum
1512 1878 1537 1924 et
1546 1876 1749 1937 perturbationem
1761 1893 1767 1925 :
1783 1892 1837 1926 nam
1849 1880 1889 1926 riri

1120 1955 1192 2003 animi
1207 1959 1263 2006 etati
1279 1961 1393 2023 fortisque
1409 1978 1456 2013 nou
1472 1965 1582 2028 ignarus,
1597 1968 1676 2029 magni
1689 1969 1780 2030 aiiqnid
1798 1986 1826 2019 er
1841 1971 1885 2033 ipsc

1120 2052 1237 2101 oriturum
1247 2070 1299 2106 esse
1309 2061 1443 2122 suspicatus
1450 2064 1494 2124 est,
1506 2063 1570 2124 quod
1579 2071 1643 2114 certe
1652 2065 1744 2114 fuctum
1752 2069 1797 2116 sibi
1807 2076 1888 2117 crearet

1120 2155 1144 2200 ct
1159 2153 1300 2203 molestiam.
1334 2157 1411 2217 Atque
1429 2155 1459 2204 ad
1471 2170 1496 2205 se
1511 2170 1648 2206 convocans
1666 2159 1757 2210 amicos
1771 2167 1795 2210 ct
1805 2163 1886 2220 dirces,

1120 2253 1145 2297 et
1156 2250 1243 2298 tribum
1261 2265 1289 2300 er
1302 2267 1349 2314 qua
1361 2253 1412 2316 ipse
1422 2259 1486 2314 erat,
1502 2255 1526 2303 in
1543 2255 1627 2303 coliem
1643 2255 1684 2304 ubi
1694 2257 1782 2316 regiam
1794 2258 1884 2314 trabuit.

1119 2345 1252 2407 sedensque
1266 2347 1289 2395 in
1299 2352 1383 2408 Arura,
1397 2349 1472 2410 (locus
1481 2351 1578 2411 qnidam
1590 2353 1642 2400 erat
1653 2353 1688 2400 sic
1700 2351 1801 2413 dictus)
1811 2367 1885 2414 magna

1120 2442 1263 2491 urbanorum
1291 2443 1443 2492 multitudiue
1472 2458 1527 2493 eum
1554 2445 1656 2505 stipante
1682 2447 1782 2506 totoque
1805 2448 1884 2495 satelti-

1118 2538 1167 2596 tio,
1180 2550 1222 2585 eos
1238 2537 1344 2586 effatur:
1360 2556 1372 2578 α
1386 2537 1497 2597 equidem
1516 2537 1585 2595 novi,
1605 2537 1650 2585 viri
1668 2539 1811 2601 populares,
1828 2541 1884 2601 quod

1119 2651 1131 2674 ι
1142 2632 1302 2681 beneficentia·
1318 2647 1378 2682 mere
1392 2632 1560 2694 memineritis,
1573 2635 1646 2694 utque
1660 2647 1771 2694 agrorum
1783 2635 1883 2683 dominos

1120 2744 1131 2766 ι
1143 2725 1322 2784 constituerim,
1333 2726 1475 2786 fecerimque
1485 2729 1512 2772 ut
1523 2725 1625 2773 bonores
1634 2725 1696 2786 apud
1706 2728 1819 2788 poputum
1833 2742 1882 2775 ron·

1119 2838 1131 2862 κ
1142 2820 1274 2881 sequamini
1284 2825 1308 2868 et
1317 2819 1465 2879 dignitatern.
1475 2823 1523 2867 Vos
1533 2817 1604 2879 igitur
1613 2819 1746 2881 interrogo,
1755 2835 1811 2868 num
1822 2823 1882 2882 ptura

1118 2937 1131 2958 a
1142 2919 1167 2962 et
1183 2915 1220 2964 bis
1238 2917 1329 2978 majora
1349 2931 1448 2964 munera
1462 2915 1493 2964 ab
1502 2916 1586 2964 tessmi
1602 2915 1651 2964 titio
1662 2918 1802 2978 exspectetis
1815 2932 1821 2964 :
1834 2931 1880 2964 narn

1116 3031 1130 3053 a
1140 3017 1288 3072 compertum
1298 3012 1372 3058 iinbeo
1380 3025 1422 3060 ros
1432 3011 1556 3059 universos
1564 3009 1594 3058 ad
1606 3023 1662 3059 eum
1674 3010 1801 3070 inclinare,
1813 3024 1880 3073 qnnrn

1118 3124 1130 3147 ι
1141 3097 1205 3152 fiius
1216 3119 1283 3152 nicus
1293 3105 1410 3153 Jonotirns
1419 3110 1443 3151 ct
1453 3105 1504 3165 ipsc
1516 3103 1588 3152 rcbus
1597 3103 1661 3151 iiiios
1672 3102 1802 3163 studuerit,
1812 3103 1880 3152 robis

1117 3217 1129 3238 a
1142 3209 1189 3260 que
1199 3197 1218 3244 ci
1228 3196 1304 3244 fovere
1316 3195 1468 3256 {corraserit
1507 3197 1561 3243 Non
1571 3195 1635 3243 enim
1647 3194 1792 3258 ignoroque
1800 3195 1878 3244 Daridi

1116 3312 1128 3334 a
1137 3293 1268 3354 jnraverit,
1280 3305 1383 3353 qumque
1399 3305 1453 3339 cum
1464 3291 1504 3339 itio
1516 3290 1605 3339 foedera
1620 3290 1715 3350 inierit,
1733 3304 1808 3352 neque
1821 3289 1877 3352 quod

1115 3403 1127 3427 α
1140 3386 1254 3434 Jonattias
1266 3383 1362 3447 quidem
1375 3383 1472 3432 consilio
1483 3397 1527 3431 suo
1543 3387 1568 3432 et
1583 3383 1672 3432 auxilio
1682 3396 1712 3432 ea
1728 3383 1874 3447 promoverit,

1115 3499 1127 3520 ι
1139 3492 1195 3541 quae
1210 3481 1292 3526 contra
1311 3491 1349 3525 nio
1365 3477 1414 3524 ficri
1432 3475 1555 3524 decretum
1570 3481 1614 3524 ost.
1647 3478 1764 3526 Vestrum
1778 3489 1831 3525 τετυ
1842 3487 1876 3522 ne·

1114 3593 1126 3616 ε
1137 3571 1195 3620 mini
1204 3584 1267 3619 ουτω
1279 3575 1335 3618 sont
1346 3571 1405 3630 ista,
1414 3569 1455 3618 sed
1465 3582 1520 3631 quae
1527 3569 1576 3617 sint
1585 3574 1763 3630 consequutura
1772 3570 1875 3631 patienter

1114 3663 1268 3714 «attenditis.
1285 3682 1297 3705 ι
1330 3665 1411 3719 Quum
1422 3667 1502 3710 ιιυιοοι
1513 3675 1554 3710 rex
1571 3661 1698 3722 tacuisset,
1717 3662 1777 3710 atius
1787 3660 1873 3722 quidem

1111 3757 1263 3821 presentium
1273 3768 1343 3804 nemo
1354 3755 1485 3816 quidquam
1494 3753 1627 3816 respondit,
1634 3757 1729 3802 Doccns
1739 3755 1872 3813 rcrosrruq

1111 3852 1229 3900 mutarum
1247 3851 1298 3911 cjns
1311 3854 1419 3909 curator,
1430 3847 1526 3898 dicebat
1540 3861 1566 3898 sc
1579 3848 1668 3898 vidisse
1679 3849 1794 3898 Davidem
1807 3859 1873 3909 quum

1111 3945 1202 3993 venerit
1217 3943 1241 3991 in
1258 3943 1342 3991 urbem
1360 3941 1451 3991 Nabam
1469 3941 1500 3988 ad
1522 3940 1716 3990 Achimetecbum
1734 3942 1872 4004 pontificun,

1110 4051 1212 4101 cirroque
1223 4052 1278 4100 quae
1294 4040 1407 4085 eventura
1419 4041 1499 4084 essent
1515 4049 1546 4085 ex
1560 4048 1589 4084 co
1598 4035 1743 4085 vaticinante
1760 4035 1870 4088 didicisse,

1109 4133 1290 4190 commeatuque
1311 4129 1408 4188 accepto
1426 4132 1451 4175 et
1468 4127 1586 4176 Goiiathae
1606 4126 1684 4186 gladio
1698 4120 1872 4174 incolumemad

1108 4231 1169 4279 qnos
1181 4216 1275 4264 volebat
1286 4215 1361 4264 fuisse
1371 4215 1512 4264 deductum.

1139 4359 1161 4400 5.
1172 4352 1257 4401 santus
1266 4353 1338 4413 igitur
1344 4365 1420 4414 quum
1428 4352 1562 4414 pontificem
1569 4351 1670 4412 eiusque
1678 4350 1776 4412 patriam
1786 4355 1870 4395 curnem

1108 4449 1221 4498 familiam
1234 4451 1321 4499 accersi
1329 4451 1454 4512 jussisset,
1468 4469 1480 4492 ε
1493 4447 1736 4510 quid‚inquit,nieti
1745 4449 1785 4494 aut
1794 4438 1868 4500 ingrati

1108 4569 1120 4590 «ι
1132 4563 1146 4596 a
1157 4561 1195 4596 ine
1209 4561 1292 4609 passos
1308 4561 1335 4596 es
1350 4547 1392 4609 qui
1408 4547 1494 4596 tessaei
1506 4545 1580 4594 fitium
1593 4543 1694 4605 benigne
1710 4535 1869 4602 exceperis‚et

1107 4663 1119 4684 ιι
1132 4643 1218 4690 cibaria
1228 4641 1249 4688 ei
1258 4641 1352 4689 dederis
1363 4644 1387 4688 et
1401 4651 1565 4700 a1·tna‚regno
1582 4650 1635 4685 nico
1653 4633 1788 4683 insidianti?
1800 4633 1823 4676 et
1832 4638 1869 4674 cnr

1107 4758 1119 4780 ι
1132 4738 1201 4785 etiarn
1222 4735 1252 4784 dc
1273 4733 1360 4782 futuris
1385 4733 1406 4781 ei
1427 4718 1457 4783 οι
1480 4732 1576 4780 oracnio
1596 4725 1797 4792 pronunciavisti?
1819 4731 1867 4768 satu

1107 4852 1118 4872 ιι
1131 4846 1177 4878 non
1196 4829 1236 4878 tibi
1250 4829 1360 4890 ignotum
1372 4832 1423 4876 erat
1434 4826 1499 4887 quod
1516 4839 1529 4874 a
1543 4838 1581 4873 ine
1594 4824 1723 4887 profugerit
1734 4819 1866 4872 domumque

1107 4943 1205 4978 «meam
1221 4929 1275 4976 odio
1294 4927 1380 4975 babent
1397 4946 1417 4974 ν.
1452 4926 1559 4974 Pontifex
1570 4927 1708 4972 autemnon
1720 4919 1743 4968 id
1757 4914 1866 4977 agebunt
