3859 6084
809 546 1091 613 nuxalonolitt
1113 548 1205 605 utut.
1227 546 1275 605 lii.
1297 544 1387 604 utu.
1411 543 1443 602 B.

296 689 355 769 ιιρδς
370 678 547 767 παρασκευήν
557 683 585 742 δέ
597 683 734 764 κρατήρων
747 682 792 740 καί
809 683 907 762 φιαλῶν
924 678 970 735 καί
989 700 1063 736 σπον-
1107 682 1192 733 eatioea
1201 682 1265 733 misit
1273 683 1324 731 auri
1337 680 1433 745 quietem
1443 679 1721 743 taientaquinquaginta‚
1731 656 1868 740 pomoranus

293 777 377 850 δῑίωνι
388 775 490 855 έπῑίίίῑ
502 778 600 853 λθυσθῦ
612 771 659 849 μὲν
671 772 749 840 ὁλκῆς
762 769 876 827 τάλαντα
888 764 1063 833 '‘mim'’
1108 804 1163 839 vero
1172 788 1360 839 inaestimabilem
1374 788 1565 849 multitudinem,
1576 787 1696 849 jussitque
1711 784 1822 835 wstodes
1836 796 1869 833 ca·

292 866 371 924 λίθοιν
391 863 418 922 δέ
438 862 586 921 πολυτελῶν
607 856 790 934 ἀσυλλόγιστόν
808 879 833 913 τι
846 857 952 926 πλῆθος·
967 851 1062 931 προσέ-

292 952 353 1021 ταξε
366 950 393 1010 δέ
406 951 451 1009 καλ
468 948 526 1015 τοὺς
545 948 661 1029 ρύλακας
679 950 730 1003 τῶν
748 944 876 1014 κιύωτῶν,
889 944 915 999 ἐν
933 930 973 1006 αἷς
988 938 1063 1011 ἐτύγ-
1171 1005 1176 1015 Ι
1298 1005 1302 1014 Ι
1612 1002 1618 1013 .
1778 1000 1784 1011 ι
1833 1002 1837 1010 .

266 1060 371 1121 ⁵Z⁰¹⁹⁰⁹
386 1043 409 1099 ,ς
423 1039 500 1107 λίθω,
519 1034 566 1106 rio
582 1033 755 1112 ἐκλογηηοῑ,
768 1028 1003 1109 πῃρτωςαῦτῶν,
1022 1014 1064 1081 ὦ,
1108 1005 1247 1053 eiectionem
1265 1002 1526 1067 mpuscunquerettmt
1540 1015 1641 1065 genens.
1673 1000 1796 1051 Mandant
1809 1004 1871 1048 atrurn

293 1152 342 1209 περ
363 1127 395 1187 διν
415 1125 570 1195 ἐθελήσωσιν
594 1121 686 1193 είδους,
714 1118 870 1197 ἐπιτρέπειν.
925 1110 1066 1178 Διετάξατο
1108 1112 1381 1177 μοοιιιιίεσοθεεοτιίιοίο
1391 1116 1416 1161 et
1425 1112 1529 1174 retiquos
1539 1110 1630 1159 uauaiu
1641 1109 1756 1172 temptum
1767 1109 1872 1171 usquead

294 1215 321 1275 δέ
343 1217 388 1275 καὶ
408 1213 567 1291 νομίσματος
589 1212 625 1276 είς
643 1208 731 1274 θυσίας
750 1205 794 1265 καί
811 1202 856 1269 τίς
871 1199 964 1266 λοιπάς
978 1197 1066 1278 χρείας
1108 1224 1201 1271 centum
1220 1218 1308 1269 tatenta
1323 1217 1423 1278 erogari.
1456 1220 1577 1279 Exponam
1595 1220 1678 1269 autem
1695 1227 1769 1277 opera
1790 1219 1813 1263 et
1831 1228 1872 1275 qno

293 1306 357 1385 πρὸς
370 1303 461 1363 ἑκατὸν
474 1301 592 1357 τάλαντα
604 1302 641 1377 τῷ
654 1298 715 1398 ίῖίῷ
730 1296 834 1397 mm
846 1286 1066 1397 „Ammssak
1109 1329 1180 1379 modo
1190 1328 1280 1389 singrrta
1292 1326 1404 1376 fabricata
1412 1326 1512 1387 tuerint,
1521 1327 1541 1375 ai
1551 1326 1618 1389 prius
1629 1324 1755 1387 exemplar
1761 1324 1872 1372 adduxero

287 1385 321 1443 τά
337 1383 577 1457 κατασκευάσματα
595 1383 639 1439 καί
656 1403 697 1437 τον
716 1400 812 1455 τροπον
831 1401 877 1448 της
895 1379 1063 1455 δημιουργιας

253 1494 277 1531 ιο
291 1473 377 1529 αιίτῶν
387 1468 454 1548 μετά
467 1469 496 1528 τὸ
508 1466 677 1548 προεκθέσθαι
688 1465 717 1523 τὸ
732 1464 887 1544 ἀντίγραφον
902 1467 948 1533 τῆς
959 1466 1062 1521 ἐπιστο·

289 1561 335 1630 >itti
348 1564 393 1629 τῆς
402 1556 542 1638 intersunt
554 1555 703 1635 Ἐλεαζάρῳ
711 1556 748 1633 τῷ
762 1556 893 1632 ἀρχιερεῖ,
905 1549 1003 1621 ταύτην
1019 1552 1065 1608 λα.
1110 1556 1157 1591 nus
1167 1542 1268 1605 adeptus
1284 1546 1334 1591 erat
1345 1541 1377 1589 ob
1390 1553 1485 1589 oausam
1495 1553 1566 1601 quarn
1580 1540 1631 1601 jam
1644 1540 1731 1589 (iteam.
1764 1540 1874 1589 Detoneto

293 1646 423 1714 ύάντιιήν
440 1643 518 1720 τιμήν
538 1642 564 1711 ἐξ
578 1639 806 1710 αἰτίαττοιαίτητ.
856 1636 1066 1707 ’Τελευτήσαντος
1112 1650 1180 1699 onim
1196 1646 1524 1711 ponttictirtiuseJussimon
1540 1646 1686 1696 suceessitta
1700 1646 1872 1708 quitustosao

292 1732 381 1793 Ὀνίου
394 1736 438 1789 τοῦ
452 1730 617 1809 ἀθίίίθίωῗδ
632 1728 694 1793 παῖς
707 1729 785 1783 αὐτοῦ
798 1726 888 1801 Σίμων
900 1724 998 1801 istm
1010 1724 1066 1781 διά·
1110 1755 1259 1817 gnominatus
1275 1756 1327 1813 est,
1338 1759 1389 1803 tom
1400 1758 1504 1816 propter,
1516 1752 1627 1815 pietatem
1637 1754 1662 1801 tu
1678 1756 1754 1803 uerum
1766 1757 1817 1803 tom
1828 1767 1873 1815 pro·

292 1822 379 1897 δοχος,
391 1823 405 1876 6
415 1818 460 1875 καί
474 1818 570 1882 δίκαιος
581 1814 735 1887 ἐπικληθείς,
744 1812 785 1870 διά
793 1836 821 1871 τε
832 1812 933 1892 τδπρδς
943 1812 987 1870 τὸν
998 1810 1065 1873 Θεδν

253 1926 277 1965 ιο
290 1904 392 1972 εύσεύὲς
405 1905 450 1963 καὶ
459 1903 489 1962 τδ
500 1904 563 1983 πρὸς
575 1904 633 1969 τούς
644 1900 787 1980 δμορύλους
801 1898 897 1959 εύνοον.
910 1898 1065 1958 Ἀποθανόν-

293 564 352 619 aaa
375 557 492 637 (surpra)
1799 540 1866 617 [mi

1108 910 1217 959 psarom,
1235 896 1260 945 in
1274 895 1361 959 quibus
1381 898 1449 945 eraut
1461 906 1575 957 gemmae,
1595 892 1725 942 artificibus
1748 893 1871 955 permittere

1109 1436 1250 1497 scriptarum
1261 1433 1290 1482 ad
1301 1432 1438 1483 Eleazarum
1448 1432 1582 1495 pontificem
1594 1432 1732 1492 literarum,
1744 1430 1786 1493 qui
1798 1430 1821 1479 id
1830 1442 1873 1477 mu-

1111 1866 1163 1923 pter
1175 1860 1316 1910 benevolum
1324 1860 1347 1909 in
1359 1860 1425 1908 cives
1433 1860 1548 1907 animum.
1565 1860 1598 1907 Εο
1610 1862 1716 1917 mortuo,
1725 1860 1749 1906 et
1759 1860 1874 1919 superstite

1110 1969 1132 2017 et
1147 1968 1194 2017 utto
1207 1968 1267 2017 Onia
1279 1967 1385 2025 nomine,
1398 1966 1450 2027 eius
1462 1966 1533 2015 irater
1546 1966 1684 2025 Eleazarus,
1700 1964 1730 2014 de
1743 1980 1794 2027 quo
1809 1965 1873 2026 tuqui·

290 2016 333 2058 τος
342 1992 368 2050 δέ
378 1992 518 2051 τούτουκαὶ
525 1990 616 2060 νήπιον
625 1989 678 2047 υίδν
691 1988 877 2052 καταλιπόντος
887 1987 931 2045 τὸν
940 1986 1066 2057 κληθέντα

292 2080 390 2151 Ὀνίαν,
400 2084 414 2136 6
424 2078 532 2159 ἀδελρδς
546 2080 624 2136 αὐτοῦ
634 2076 804 2154 Ἐλεάζαρος,
816 2075 875 2153 περί
891 2067 920 2133 οὗ
936 2075 980 2132 τὸν
991 2074 1066 2151 λόγον
1094 2142 1096 2147 ,
1112 2092 1174 2137 mor,
1182 2076 1346 2140 pontificatum
1355 2076 1476 2137 suscepit3
1487 2074 1525 2123 cui
1533 2075 1628 2137 scripsit
1639 2074 1782 2123 Ptolemaeus
1792 2074 1813 2123 in
1821 2076 1873 2123 trono

292 2166 451 2243 '‘⁰²⁰⁶t2‘0flr
470 2166 518 2235 tu>tt
539 2162 733 2243 t'tt³t,¹⁶?⁴·’<tt6tttt
752 2161 913 2242 παρέλαῧῑν·
932 2152 954 2242 ᾧ
976 2162 1068 2241 *titii*
1112 2184 1564 2233 modurn.«nexrrotemaensetenzaro
1573 2183 1872 2244 pontificisatutemonunr

295 2256 457 2323 Πτολεμαῖος
470 2259 560 2311 τοῦτον
577 2251 620 2310 τὸν
638 2252 742 2331 τρόπον.
783 2278 796 2302 ι
818 2247 945 2313 Βασιλεύς
965 2251 1068 2307 Πτολε-

254 2366 281 2403 ao
296 2369 308 2392 ι
323 2345 399 2416 μαῖος
411 2339 561 2417 Ἐλεαζάρῳ
573 2341 610 2416 τῷ
621 2340 736 2416 ἀρχιερεῖ
747 2336 857 2415 χαίρειν.
873 2338 983 2394 Πολλῶν
998 2338 1024 2392 ἐν
1035 2358 1068 2413 τη

295 2455 307 2478 ιι
319 2431 369 2505 ἐμῇ
382 2425 501 2506 βασιλείᾳ
513 2423 713 2504 κατοικουμένων
723 2422 866 2492 Ἰουδαίων,
880 2420 922 2487 οθς
930 2423 1068 2498 αίχμαλω·

294 2543 306 2566 ιι
322 2515 455 2581 τισθέντας
468 2513 517 2572 ὑπὸ
533 2515 652 2592 Περσῶν,
673 2510 710 2568 ὅτ’
725 2508 859 2589 ἐκράτουν,
873 2511 886 2565 6
901 2508 962 2584 ἐμὸς
981 2508 1067 2583 πατὴρ

295 2601 437 2677 ιέτίμησε,
449 2600 495 2659 καί
510 2598 570 2665 τοὺς
586 2597 634 2673 μέν
648 2600 684 2663 εἰς
693 2595 727 2655 τά
742 2594 916 2675 στρατιωτικά
930 2594 1068 2662 κατέταξεν

294 2717 306 2740 ι
321 2689 365 2746 tit
385 2689 485 2760 μείζοσι
500 2684 692 2765 μισθοφορίαις,
705 2684 758 2743 τισί
772 2683 799 2742 δέ
822 2681 966 2759 γενομένοις
979 2686 1006 2740 ἐν
1020 2686 1068 2741 Αί-

256 2798 281 2835 us
296 2804 307 2826 ιι
322 2775 413 2855 γύπτῳ
421 2773 467 2832 σὺν
481 2776 551 2852 αὐτῷ
562 2772 594 2830 τά
608 2770 716 2853 φρούρια
728 2770 774 2829 καί
784 2769 833 2841 τήν
845 2769 941 2828 τούτων
953 2766 1067 2845 φυλακὴν

295 2890 307 2914 ιι
318 2860 458 2939 παρέθετο,
473 2859 516 2918 ίνα
534 2861 585 2925 τοῖς
605 2858 758 2935 Αἰγυπτίοις
771 2847 820 2936 ὦσι
832 2857 949 2938 ροόεροὶ,
963 2856 1009 2927 τήν
1022 2859 1080 2936 αἰρ-’

295 2976 307 2999 ιι
319 2948 370 3027 χὴν
391 2946 443 3025 ἐγὼ
456 2946 619 3025 παραλαὸὼν
633 2956 699 3003 πᾶσι
714 2944 762 3023 μέν
783 2946 970 3026 ριλανθρώποις
989 2946 1068 3022 ἔχρη·

296 3063 307 3086 ιι
322 3035 420 3110 σάμην,
433 3034 547 3111 μάλιστα
562 3032 589 3090 δέ
601 3037 653 3098 τοῖς
665 3040 719 3098 σοῐς
734 3032 866 3103 πολίταις,
881 3022 918 3089 ῶν
931 3029 995 3109 ὑπέρ
1006 3028 1069 3087 δέκα

255 3135 263 3149 ·
296 3149 308 3172 ιι
324 3123 371 3198 μὲν
391 3121 518 3200 μυριάδας
538 3119 713 3198 αἰχμαλώτων
737 3121 907 3177 δουλευόντων
932 3117 1069 3189 ἀπέλυσα,

256 3226 283 3264 so
296 3235 310 3263 a
323 3210 374 3274 τοῖς
387 3208 523 3273 δεσπόταις
533 3210 616 3264 αὐτῶν
628 3211 657 3265 ἐκ
665 3211 716 3265 τῶν
726 3208 796 3282 ἐμῶν
808 3206 891 3285 λύτρα
900 3204 1069 3263 καταὸκλών·

297 3324 309 3347 ιι
324 3295 381 3361 τούς
394 3294 420 3353 δὲ
435 3294 597 3370 ἀκμάζοντας
610 3302 666 3358 ταῖς
679 3294 792 3364 ἡλικίαις
814 3296 848 3359 είς
862 3294 905 3351 τὸν
922 3314 1071 3372 στρατιωτι-

296 3409 310 3436 a
321 3383 367 3441 κδν
389 3384 533 3457 κατάλογον
552 3380 696 3456 κατέταξα,
715 3379 786 3446 τινάς
807 3378 834 3438 δέ
853 3384 905 3437 τῶν
923 3380 983 3459 περί
1001 3384 1071 3453 ἡμᾶς

297 3497 310 3522 ιι
321 3462 386 3529 εἶναι
393 3469 541 3543 δυναμένων
550 3468 595 3527 καλ
605 3469 648 3526 ἐπὶ
657 3467 705 3538 τὴν
712 3473 759 3538 τῆς
770 3471 851 3538 αὐλῆς
863 3466 951 3525 πίστιν
962 3470 1069 3537 ἱκανῶν,

298 3585 310 3610 ε
324 3559 420 3628 ταύτης
432 3556 545 3627 ἠξίωκα,
556 3555 666 3629 νομίζων
684 3554 732 3625 ἡδύ
743 3558 781 3635 τῷ
794 3558 856 3635 Θεῷ
869 3558 916 3625 τῆς
929 3552 994 3633 ὑπὲρ
1008 3556 1070 3628 ἐμοῦ

258 3656 285 3697 a
299 3671 311 3698 ιι
327 3646 447 3723 προνοίας
467 3643 588 3717 ἀνάθημα
612 3648 687 3700 τοῦτο
712 3642 757 3700 καί
780 3642 901 3719 μέγιστον
923 3641 1069 3711 ἀναθήσειν.

299 3759 311 3782 ι
329 3731 489 3806 Βουλόμενος
503 3729 530 3787 δὲ
544 3728 589 3788 καί
604 3728 701 3795 τούτοις
721 3730 873 3809 χαρίζεσθαι
885 3729 930 3787 καὶ
942 3738 1006 3787 πᾶσι
1020 3729 1071 3793 τοῖς

298 3846 312 3871 ι
325 3816 395 3876 κατίι
412 3817 459 3887 τὴν
482 3815 635 3892 οἰκουμένην
658 3817 807 3889 Ἰουδαίοις,
828 3816 872 3874 τὸν
896 3816 974 3893 νόμον
999 3820 1070 3890 ὑμῶν

298 3936 311 3960 ι
327 3907 406 3979 ἔγνων
423 3910 630 3984 μεθερμηνεῦσαι
644 3906 689 3963 καὶ
699 3905 852 3984 γράμμασιν
867 3905 1029 3977 Ἑλληνικοῖς
1042 3908 1071 3963 ἐκ

300 3998 377 4052 ιτῶν
397 3993 544 4073 Ἱίύραῐκῶν
568 3992 765 4073 μεταγραρέντα
787 3994 886 4050 κεῖσθαι
908 3994 935 4049 ἐν
958 3996 992 4071 τῇ
1019 3996 1070 4068 ε’μῇ

259 4101 287 4141 to
300 4111 312 4136 α
329 4080 494 4162 βιὸλιοθήκῃ.
546 4084 642 4147 Καλῶς
653 4072 696 4138 ούν
709 4080 826 4150 ποιήσεις
836 4079 1015 4156 ἐπιλεξάμενος
1026 4078 1072 4136 σίν·

299 4199 311 4223 «
325 4174 385 4251 δρας
393 4169 503 4248 ἀγαθούς
514 4168 539 4237 ἓξ
552 4172 595 4249 ἄρ’
605 4168 716 4238 ἑκάστης
726 4166 1070 4248 ρυλῆςήδηπρεσύυτέρους,

299 4258 351 4317 «oi
363 4259 409 4317 καί
427 4256 470 4315 διίι
491 4257 534 4314 τὸν
553 4255 644 4335 χρόνον
663 4255 791 4334 ἐμπείροις
810 4254 899 4333 έχουσι
916 4260 967 4313 τῶν
985 4254 1070 4331 νόμων

300 4344 534 4415 εκαίδυνήσονται
548 4341 593 4413 τὴν
614 4341 750 4422 ἑρμηνείαν
775 4343 859 4398 αὐτῶν
878 4340 975 4420 άκριύῆ
992 4340 1069 4410 ποιή-

299 4437 434 4490 εσασθαι·
460 4430 556 4506 νομίζοι
578 4431 629 4508 γάρ
655 4428 752 4487 τούτοιν
788 4426 999 4486 ἐπιτελεσθέντων
1022 4451 1071 4503 με-

260 4539 286 4578 ts
300 4546 311 4570 ι
323 4518 413 4592 γίστην
431 4518 506 4585 δάςαν
521 4524 584 4594 ἡμῖν
597 4516 820 4594 περιγενήσεσθαι.
863 4514 1027 4574 ’,ἐπέσταλκα
1044 4512 1073 4571 δέ

300 4633 311 4657 ι
325 4630 366 4665 σοι
376 4605 436 4685 περί
449 4604 547 4663 τούτων
562 4603 752 4679 διαλεξομένους
765 4601 884 4682 Ἀνδρέαν
898 4602 942 4659 τδν
957 4604 1071 4681 ἀρχισοι·

300 4720 312 4744 ι
328 4695 501 4772 ματορύλακα
511 4693 556 4750 καὶ
566 4692 719 4770 Ἀρισταῖον,
727 4692 782 4766 ἐμοὶ
792 4690 976 4767 τιμιωτάτους·
991 4692 1023 4747 δι’
1036 4679 1071 4746 ῶν

301 4808 313 4830 ιι
325 4782 369 4839 καὶ
392 4781 513 4859 ἀπαρχὰς
536 4779 709 4856 ἀναθημάτων
732 4782 768 4844 τίς
784 4778 814 4836 τὸ
829 4777 897 4859 ίερδν
913 4778 957 4835 καί
978 4780 1071 4835 θυσιῶν

300 4894 312 4917 ι
325 4868 371 4924 καὶ
389 4872 441 4925 τῶν
455 4868 540 4924 ἄλλοιν
558 4868 726 4940 ἀπέσταλκα,
740 4868 856 4924 τάλαντα
873 4864 996 4942 ἀργυρίου
1011 4867 1071 4920 ἓκα·

261 4974 288 5013 οι
302 4978 314 5005 ι
326 4954 380 5012 τόν.
409 4954 462 5012 Καὶ
481 4952 512 5011 σίι
526 4955 548 5010 δ’
563 4958 626 5027 ἡμῖν
639 4953 796 5011 ἐπιστέλλων
810 4952 870 5030 περί
888 4942 924 5009 ῶν
940 4951 973 5009 διν
985 4950 1072 5026 ἐθέλῃς

300 5067 313 5093 ι
327 5038 443 5109 ποιήσεις
456 5040 640 5118 κεχαρισμένα.
655 5066 667 5097 ν

1113 2312 1125 2335 ι
1135 2292 1202 2341 motti
1210 2293 1233 2340 tn
1245 2305 1316 2353 regno
1324 2304 1376 2340 meo
1386 2290 1518 2339 habitarent
1526 2290 1603 2340 iudaei
1613 2326 1620 2349 ,
1630 2304 1690 2352 quos
1699 2304 1714 2338 a
1725 2292 1817 2349 Persis,
1826 2290 1871 2338 dun

1116 2420 1127 2442 ι
1140 2402 1265 2462 imperium
1287 2398 1412 2457 tenebant,
1430 2400 1513 2459 captos
1531 2410 1598 2446 meus
1619 2403 1686 2459 pater
1705 2398 1839 2459 honorarit,
1854 2404 1872 2447 et

1114 2528 1125 2549 ιι
1139 2506 1223 2568 partim
1232 2509 1261 2554 ad
1272 2507 1378 2555 mititiam
1387 2504 1516 2567 majoribus
1524 2504 1645 2566 stipendiis
1652 2504 1792 2567 destinarit,
1800 2508 1872 2568 partin

1113 2630 1125 2654 ι
1140 2611 1248 2660 videlieet
1263 2612 1304 2669 its,
1315 2611 1355 2671 qut
1367 2623 1422 2658 aum
1438 2623 1466 2657 eo
1477 2612 1590 2659 venerant
1601 2612 1625 2658 tn
1635 2614 1763 2673 AEgyptum
1773 2648 1780 2673 ,
1790 2614 1873 2661 mamito

1114 2739 1125 2761 ιι
1138 2732 1267 2781 eorumque
1280 2719 1411 2767 custodiam
1425 2718 1567 2779 assignavit,
1583 2720 1609 2767 ut
1618 2722 1698 2768 essent
1711 2723 1824 2783 AEgpptiis
1834 2728 1872 2769 ter-
1895 2762 1896 2769 ,

1114 2828 1198 2887 «rori,
1214 2840 1257 2888 ego
1280 2826 1436 2889 principatum
1454 2826 1568 2888 adeptus,
1580 2839 1654 2887 quom
1675 2840 1760 2875 omues
1785 2828 1873 2876 tronione

1114 2953 1125 2975 ιι
1136 2932 1247 2990 tractavi,
1257 2934 1308 2980 turn
1323 2932 1424 2979 maxime
1434 2931 1498 2979 cirea
1512 2933 1580 2993 tuos,
1591 2946 1693 2993 quorum
1703 2946 1776 2995 sopra
1787 2938 1873 2983 eentum

1114 3058 1126 3083 ο
1138 3038 1211 3087 mittia
1223 3038 1369 3099 captivorum
1379 3036 1402 3085 in
1413 3036 1545 3086 libertatern
1557 3038 1674 3087 vindicari
1682 3076 1688 3099 ,
1697 3041 1777 3091 sotuto
1789 3044 1816 3093 de
1825 3044 1873 3090 naris

1115 3146 1289 3195 «facultatibus
1307 3146 1382 3207 pretio
1398 3145 1501 3194 dominis
1514 3160 1597 3195 eornrn
1617 3162 1624 3194 τ
1643 3162 1671 3197 εκ
1687 3148 1724 3197 tris
1743 3164 1799 3199 reru
1817 3154 1872 3213 quot·

1115 3272 1126 3294 ι
1139 3254 1199 3315 quot
1215 3256 1362 3313 permutem
1374 3264 1439 3299 arma
1457 3252 1516 3301 terre
1528 3258 1626 3314 possent
1640 3253 1664 3301 in
1680 3254 1789 3305 rnititram
1801 3257 1872 3317 attigi,

1115 3376 1127 3399 ιι
1140 3356 1265 3405 ιιοιιοιιΙΙοε
1281 3356 1351 3405 etiarn
1370 3368 1453 3405 eorum
1468 3356 1509 3417 qut
1520 3358 1580 3406 circa
1595 3371 1639 3407 uos
1650 3365 1731 3419 erant,
1746 3376 1843 3423 quorum
1854 3370 1874 3409 et

1115 3478 1127 3501 ι
1137 3458 1196 3509 sudas
1208 3458 1231 3507 td
1241 3459 1324 3508 mereri
1336 3458 1470 3521 videbator,
1483 3460 1505 3507 in
1515 3460 1604 3509 anticos
1614 3475 1679 3510 meos
1690 3466 1813 3525 emptast,
1824 3466 1874 3525 rogi·

1115 3580 1127 3604 a
1139 3564 1191 3610 tans
1204 3563 1297 3622 gratum
1313 3562 1363 3611 Deo
1380 3574 1422 3623 pro
1435 3562 1528 3623 eiusde
1541 3576 1579 3612 rue
1594 3576 1651 3611 eura
1663 3564 1788 3615 donarium
1804 3568 1842 3615 tro'e
1855 3572 1874 3615 et

1116 3684 1128 3707 ι
1139 3665 1291 3713 maximuma
1304 3677 1341 3713 me
1350 3664 1454 3714 obtutum
1465 3666 1502 3715 iri.
1516 3670 1593 3727 Atque
1607 3670 1633 3715 ut
1642 3672 1692 3739 turn
1706 3668 1742 3717 his
1752 3674 1802 3719 tom
1812 3672 1872 3718 omni-

1115 3788 1127 3811 ε
1138 3769 1183 3818 bns
1204 3772 1255 3817 toto
1270 3767 1328 3817 orbe
1347 3768 1438 3818 Judaets
1455 3772 1547 3829 gratum
1565 3770 1664 3832 inciam,
1677 3774 1750 3821 statut
1761 3774 1829 3835 tegern
1842 3788 1872 3823 re

1116 3897 1128 3919 ι
1140 3882 1214 3925 stram
1223 3875 1415 3937 interpretatione
1424 3874 1825 3927 donaruetexttehruoincraeeum
1836 3879 1872 3925 tra·

1117 4002 1128 4023 ι
1141 3982 1237 4031 doctam
1250 3980 1273 4030 in
1284 3994 1334 4029 mea
1345 3980 1486 4030 bibliotheca
1496 3994 1617 4043 reponere.
1650 3985 1730 4040 Quare
1742 3986 1804 4035 recta
1814 3984 1873 4032 taeta

1116 4085 1159 4133 asi
1176 4074 1285 4133 detectos¹
1297 4084 1375 4145 utros,
1392 4052 1420 4131 er
1437 4096 1577 4146 unaquaque
1596 4085 1658 4133 tribu
1676 4100 1735 4147 sex,
1750 4090 1798 4149 jam
1815 4092 1872 4135 atate

1117 4206 1128 4229 n
1142 4190 1275 4249 provectos,
1290 4186 1319 4235 ad
1332 4199 1370 4234 me
1384 4186 1489 4247 miseris,
1498 4186 1539 4248 qut
1552 4192 1575 4235 et
1588 4200 1629 4248 per
1638 4193 1735 4237 aetatem
1753 4190 1824 4251 tegunt
1834 4190 1871 4237 sint

1116 4290 1207 4354 «periti
1223 4294 1247 4338 et
1269 4302 1310 4338 eas
1334 4293 1441 4337 accurate
1464 4289 1554 4351 possint
1574 4290 1724 4352 interpretari
1746 4308 1752 4340 ε
1775 4294 1807 4342 stc
1820 4294 1871 4341 eninr

1117 4393 1265 4451 «existimo,
1281 4392 1318 4440 iris
1335 4392 1443 4465 perfectis
1461 4392 1563 4441 maxima
1577 4406 1620 4443 nos
1635 4394 1709 4455 gioria
1723 4398 1830 4445 attentum
1842 4396 1870 4443 tri.

1117 4516 1129 4538 ιι
1142 4495 1194 4545 nusi
1206 4498 1285 4543 antem
1297 4494 1476 4555 cottoquuturos
1487 4494 1550 4543 irisoe
1560 4496 1669 4545 derebus
1682 4504 1760 4547 teourn
1770 4500 1871 4550 Andrean

1117 4618 1128 4640 ι
1142 4597 1270 4646 satettttnm
1283 4596 1418 4658 prmteotom
1429 4602 1453 4645 et
1463 4597 1597 4663 Aristaeum,
1606 4598 1716 4649 homines
1726 4614 1812 4662 τιμαεο
1820 4598 1870 4661 aput

1117 4724 1128 4745 ι
1142 4716 1185 4751 nos
1197 4702 1390 4761 existimationts;
1402 4716 1444 4765 per
1458 4715 1519 4765 qnos
1530 4704 1600 4751 ettam
1612 4702 1762 4754 donariorum
1774 4706 1871 4769 primitia

1118 4826 1129 4849 ι
1141 4806 1169 4855 ad
1181 4806 1295 4868 temptum
1306 4809 1331 4855 et
1342 4777 1509 4854 sauritiotornm
1521 4807 1714 4868 retiqoorumnue
1727 4804 1870 4869 αἰτήσομαί

1118 4909 1226 4957 atalanta
1242 4914 1347 4957 rentum.
1381 4912 1408 4957 Et
1428 4914 1467 4967 to,
1485 4910 1504 4957 si
1520 4910 1587 4958 nobis
1602 4924 1656 4971 oure
1670 4911 1735 4961 votes
1751 4909 1869 4973 scripseris,

1118 5032 1129 5055 ιι
1143 5027 1191 5061 rom
1203 5019 1292 5073 grutam
1309 5014 1398 5063 ieoerts.
1414 5034 1425 5054 ιι

340 5127 369 5184 ε’.
389 5128 445 5195 Τῆς
464 5119 507 5183 σύν
530 5128 666 5196 ἐπιπολῆς
689 5132 734 5184 τοῦ
761 5125 887 5204 βασιλέως
908 5124 1072 5200 κομισθείσης
1114 5116 1116 5121 ¹
1148 5142 1170 5184 5.
1199 5136 1280 5196 itaquo
1297 5133 1333 5183 tris
1349 5135 1408 5195 repis
1424 5134 1497 5183 itteris
1513 5134 1541 5183 ad
1562 5136 1700 5186 Eleazarum
1718 5124 1868 5198 pertansiit<

301 5214 366 5295 πρὸς
377 5213 535 5292 Ἐλεάζαρον
554 5213 705 5294 οίντιγράρει
720 5214 782 5292 πρὸς
802 5213 883 5283 αὐτὴν
899 5217 933 5278 ὡς
947 5215 1005 5281 ἐνῆν
1020 5210 1072 5286 μεί-
1117 5220 1318 5284 responrittqrram
1330 5222 1379 5271 tert
1394 5224 1469 5283 potott
1479 5222 1659 5271 studiosissimo.
1672 5245 1682 5267 ιι
1696 5224 1813 5273 Eleazarus
1824 5232 1869 5281 μοι·

302 5306 378 5361 λιστα
397 5300 546 5383 φιλοτίμοις.
587 5328 598 5350 ι
623 5300 768 5379 Ἀρχιερείις
789 5301 945 5378 Ἐλεάζαρος
972 5301 1072 5373 βασιλεῖ
1119 5310 1201 5358 «titos
1218 5310 1345 5359 ntotenno
1361 5310 1408 5371 regi
1427 5310 1536 5359 astartem.
1568 5311 1591 5359 st
1609 5315 1632 5358 et
1646 5315 1672 5360 tn
1687 5312 1746 5360 ratos
1759 5308 1868 5371 reginaque
