3859 6084
269 444 325 494 nrt
367 430 489 507 (ιωωι.)
517 408 520 419 '

268 560 348 630 σύνην
360 557 457 637 λε’γοιεν
470 559 575 635 ἀγαπᾶν
585 579 634 632 με,
647 554 692 613 καί
702 557 786 614 αὐτῶν
795 556 985 637 ἀποκρίνασθαι
996 554 1042 615 δύο

268 650 342 726 ίερεῖς
355 644 489 724 ὑπάρχειν.

309 733 347 809 μ’.
369 732 454 791 Ταῦθ’
467 729 618 806 ὑποθέμενοι
633 737 684 795 τοῖς
698 728 759 809 περί
774 728 817 787 τὸν
836 728 972 801 Ἰωνάθην,
985 727 1045 789 τίσ-

269 842 351 899 σαρας
363 817 488 897 μυριάδας
498 816 619 897 ἀργυρίου
631 818 745 875 διδόασιν
756 818 841 883 αὐτοῖς
853 820 883 875 ἐκ
898 821 949 875 τῶν
962 818 1045 893 δημο·

243 906 330 967 τοίων
344 904 498 985 χρημάτων.
543 904 618 965 Ἐπεί
640 902 667 962 δι’
688 928 746 963 τινα
765 905 905 965 Γαλιλαῖον
920 904 1045 976 ἤκουσαν,

270 994 369 1066 Ἰησοῦν
384 990 481 1068 όνομα,
496 991 556 1071 περὶ
576 990 654 1049 αύτδν
676 991 748 1059 τάξιν
772 990 910 1059 ἑξακοσίων
933 994 1046 1051 ὁπλιτῶν

269 1080 347 1161 ίχειν,
361 1080 537 1156 ἐπιδημοῦντα
558 1079 610 1145 τοῖς
626 1077 826 1158 Ἱεροσολύμοις,
839 1077 897 1137 τότε
909 1102 1046 1155 μεταπεμ-

269 1171 381 1249 ψάμενοι
391 1172 480 1225 τοῦτον
495 1164 540 1225 καὶ
551 1169 628 1245 τριῶν
644 1170 733 1242 μηνιῦν
748 1165 837 1243 μισθὸν
850 1166 934 1233 δόντες
947 1165 1047 1223 ἐκάλευ·

270 1277 320 1312 σαν
347 1252 455 1312 ἕπεσθαι
471 1261 524 1319 τοῖς
549 1252 610 1333 περί
634 1254 677 1311 τόν
705 1253 832 1323 Ἰωνάθην
856 1258 1046 1333 πειθαρχοῦντα

233 1358 258 1398 io
272 1342 372 1413 αὐτοῖς,
384 1340 430 1399 καί
441 1344 493 1398 τῶν
504 1342 617 1397 πολιτῶν
627 1338 655 1398 δὲ
670 1339 826 1419 τριακοσίοις
841 1339 949 1419 ἀνδράσι
964 1340 1047 1405 δόντες

272 1426 392 1508 ἀργύριον
405 1428 440 1493 είς
451 1423 548 1509 τροφὴν
558 1430 608 1484 τῶν
624 1424 701 1499 ὅλων,
718 1424 880 1505 προσέταξεν
898 1429 1046 1485 ἀκολουθεῖν

270 1523 323 1581 τοῖς
339 1512 486 1593 πρίσῦεσιν.
529 1512 690 1573 Πεισθάντων
705 1503 749 1571 οῦν
767 1514 910 1571 αὐτῶνκαὶ
926 1512 990 1592 πρός
1001 1510 1047 1583 τὴν

272 1600 356 1669 ἔξοδον
372 1599 597 1677 εὐτρεπισθέντων,
612 1598 719 1677 ἐξῄεσαν
742 1602 765 1658 ei
784 1599 844 1679 περί
860 1598 904 1657 τόν
921 1597 1046 1669 Ἰωνάθην

172 1714 173 1719 ’
272 1686 319 1745 σῦν
331 1686 442 1759 τούτοις,
457 1686 613 1763 ἐπαγόμενοι
625 1684 669 1743 καί
680 1684 724 1744 τόν
738 1684 846 1767 άδελρδν
864 1684 907 1743 τὸν
924 1684 1047 1745 Ἰωάννου

234 1796 259 1833 it
272 1774 317 1833 καί
327 1773 434 1841 ὁπλίτας
450 1774 552 1849 ἑκατὸν,
571 1772 693 1839 λαθόντες
709 1769 812 1839 ἐντολάς
827 1770 900 1852 παρδι
913 1774 965 1829 τῶν
979 1795 1048 1848 πεμ-

272 1860 387 1940 ψάντων,
408 1863 431 1919 εἰ
455 1857 503 1935 μίν
526 1858 592 1917 ίκιίιν
619 1858 780 1935 καταθείμην
803 1857 836 1916 τδι
859 1858 943 1927 ὅπλα,
964 1862 1048 1927 ζιῖνντα

274 1944 386 2023 πέμπειν
401 1950 437 2016 εἰς
450 1946 497 2017 τὴν
512 1950 563 2004 τῶν
580 1946 794 2025 Ἱεροσολυμιτῶν
810 1944 894 2017 πόλιν,
906 1948 928 2003 εί
941 1946 964 2002 δ’
978 1949 1048 2003 ἀντι·

273 2033 428 2111 ταασοίμην,
442 2038 593 2093 ἀποκτεῖναι
613 2032 693 2109 μηδὲν
708 2031 935 2105 δεδιόταςβάὒτῶν
951 2023 1050 2112 γδρέί-

274 2144 317 2179 ναι
328 2120 358 2180 τδ
368 2122 538 2203 πρόσταγμα.
562 2120 768 2201 Ἐγεγράρεισαν
785 2118 812 2178 di
828 2120 873 2178 καὶ
888 2125 925 2201 τῷ
940 2120 1049 2198 Ἰωάννη

235 2233 262 2273 an
275 2209 339 2289 πρός
360 2209 405 2268 τὸν
425 2213 484 2268 κατ’
508 2212 571 2285 ίμοῦ
593 2208 708 2284 πόλεμον
730 2208 925 2285 ἑτοιμάζεσθαι·
948 2208 1001 2274 τοῖς
1023 2231 1051 2266 τε

276 2295 415 2377 Σίπρωριν
424 2296 470 2356 καί
482 2296 592 2376 Γάδαρα
602 2300 751 2355 κατοικσῦσι
759 2296 803 2353 καί
814 2295 963 2374 Τιόεριεῦσι
975 2316 1053 2374 προσ·

275 2382 380 2442 ίταττον
395 2383 550 2463 συμμαχίαν
564 2387 602 2463 τῷ
619 2382 727 2459 Ἰωάννῃ
744 2382 865 2459 πέμπειν.

314 2469 370 2546 μοι’.
391 2469 484 2529 Ἰἀῦτιί
499 2493 542 2545 μοι
562 2476 608 2529 τοῦ
626 2469 724 2549 πατρὸς
738 2469 900 2551 γράψαντος,
913 2468 1010 2546 (ἐξεῖπε
1025 2468 1053 2527 δὲ

275 2556 339 2636 πρὸς
351 2556 428 2613 αὐτὸν
440 2556 539 2628 Ἰησοῦς
554 2561 623 2615 θεοῦ
638 2558 752 2633 Γαμαλᾶ
767 2560 818 2615 τῶν
830 2560 856 2616 ίν
867 2559 932 2635 αὐτῇ
944 2560 978 2634 τῇ
991 2560 1052 2634 βου·

143 2650 144 2655 ’
236 2666 262 2706 τε
274 2644 308 2719 λῇ
320 2642 466 2721 γενομίνων
478 2635 527 2714 εἷς,
540 2642 610 2723 φίλος
622 2642 658 2701 ὧν
670 2644 715 2701 καὶ
727 2644 837 2715 συνήθης
847 2643 905 2717 ἐμοί
914 2641 938 2723 ,)
954 2644 1053 2723 σφόδρα

277 2730 453 2807 περιήλγησα,
467 2729 525 2797 τούς
535 2753 562 2787 τε
575 2729 682 2795 πολίτας
693 2728 759 2788 ούτω
775 2730 834 2809 περὶ
845 2727 891 2805 ἐμὲ
902 2730 1052 2807 γενομένους

277 2816 432 2898 ἀχαρίστους
447 2815 564 2895 ἐπιγνούς
578 2816 620 2875 διά
635 2816 724 2892 φθόνον
742 2816 907 2894 ἀναιρεθῆναί
920 2840 951 2892 με
972 2840 1054 2895 προσ·

277 2904 368 2978 τάξαι,
382 2902 426 2962 καὶ
440 2906 477 2984 τῷ
492 2900 534 2961 τὸν
552 2902 653 2981 πατέρα
666 2902 708 2960 διδ
720 2906 770 2963 τῶν
790 2902 954 2983 γραμμάτων
969 2903 1054 2962 πολλά

281 3014 314 3068 με
325 2992 488 3073 παρακαλεῖν
502 2988 638 3071 άρικάσθοιι
655 2990 718 3068 πρὸς
732 2990 817 3048 αὐτόν·
838 2996 923 3049 ποθεῖν
937 2990 988 3069 γάρ
1004 2992 1052 3070 ἔρη

239 3100 266 3140 aa
280 3080 421 3136 θεάσασθαι·
441 3079 484 3135 τὸν
507 3077 561 3136 υἱὸν
580 3076 695 3157 πρὸ-τοῦ
707 3080 870 3147 τελευτῆσαι.
912 3081 1004 3137 Ταῦτα
1022 3077 1053 3147 δὴ

278 3162 341 3244 πρὸς
359 3162 418 3230 τοῦς
434 3164 520 3243 φίλους
540 3154 623 3238 εἷπον,
646 3163 691 3222 καὶ
710 3162 749 3221 ότι
764 3164 830 3241 μετά
848 3163 938 3241 τρίτην
952 3165 1053 3243 ἡμέραν

279 3249 430 3308 καταλιπὼν
442 3251 488 3322 τὴν
499 3248 588 3330 χώραν
599 3252 683 3308 αὐτῶν
694 3254 730 3317 είς
739 3251 785 3320 τὴν
795 3250 908 3329 πατρίδα
918 3252 1054 3330 πορευσοί·

280 3360 344 3414 μην.
386 3336 464 3409 Λύπη
484 3338 506 3395 δ’
526 3337 645 3404 ἅπαντας
666 3338 723 3405 τοῦς
746 3337 907 3405 είκούοαντας
926 3338 1054 3418 κατέσχε,

198 3496 200 3501 Δ
280 3423 444 3504 παρεκάλουν
457 3447 484 3482 τε
498 3423 629 3491 κλαίοντες
643 3423 679 3500 μὴ
691 3426 872 3501 ἐγκαταλιπεῖν
885 3426 977 3490 αὐτούς
987 3430 1054 3484 ἀπο·

240 3530 267 3569 οι
282 3512 436 3587 λουμίνους,
448 3513 470 3569 εί
483 3517 529 3582 τῆς
537 3514 602 3587 ἐμῆς
609 3512 766 3591 στρατηγίας
774 3515 981 3591 ἀποστερηθεῖεν.
1014 3516 1055 3573 Οὐ

279 3598 463 3665 κατανεύοντος
477 3598 505 3656 δι’
526 3622 574 3675 μου
593 3602 650 3665 ταῖς
662 3598 781 3665 ἱκετείαις
803 3602 899 3674 αὐτῶν,
916 3599 983 3657 eiiii
996 3600 1056 3679 περὶ

280 3690 326 3756 τῆς
340 3689 453 3763 ἐμαυτοῦ
472 3685 646 3765 φροντίζοντος
660 3686 803 3765 σωτηρίας,
818 3687 947 3749 δείσαντες
962 3691 986 3745 οἱ
1000 3689 1055 3746 1ἀ-

280 3775 376 3832 λιλαῖοι
398 3772 435 3850 μὴ
464 3772 615 3839 ἀπελθόντος
640 3774 858 3854 εὐκαταφρόνητοι
879 3778 930 3841 τοῖς
949 3777 1057 3851 λῃσταῖς

283 3859 410 3938 γένοιντο,
424 3862 571 3937 πέμπουσιν
594 3862 630 3925 εἰς
650 3860 698 3930 τὴν
719 3860 863 3939 Γαλιλαίαν
880 3861 986 3919 άποσαν
999 3860 1057 3929 τοὺς

242 3972 269 4013 tii
282 3952 461 4023 σημανοῦντας
479 3944 526 4017 τὴν
543 3945 608 4023 ἐμὴν
625 3945 731 4025 γνώμην
751 3946 811 4025 περὶ
832 3950 879 4017 τῆς
893 3949 1056 4024 ἀπαλλαγῆς.

284 4034 383 4093 Πολλοὶ
405 4033 494 4092 δὲκαὶ
515 4034 678 4113 πανταχόθεν
698 4033 874 4111 συνήχθησαν,
886 4038 920 4100 ὡς
932 4035 1057 4107 ἤκουσαν,

283 4120 349 4196 μετὰ
370 4119 563 4196 γυναικῶνκαὶ
583 4120 688 4191 τέκνων,
707 4125 735 4179 οῦ
759 4122 843 4200 πόθῳ,
859 4124 926 4179 δοκῶ
946 4146 1004 4197 μοι,
1019 4127 1056 4202 τῷ

281 4206 346 4287 πρὸς
361 4208 407 4281 ἐμὲ
422 4209 522 4284 μᾶλλον
538 4207 555 4277 ἢ
572 4212 608 4287 τῷ
627 4209 687 4288 περὶ
704 4210 789 4265 αὐτῶν
806 4209 858 4265 δέει
876 4214 951 4266 τοῦτο
971 4209 1055 4288 πράτ-

282 4314 379 4361 τοντες·
394 4298 457 4369 ἐμοῦ
471 4292 522 4375 γδρ
535 4295 728 4373 παραμένοντος
739 4296 872 4353 πείσεσθαι
892 4295 971 4353 κακόν
986 4295 1058 4355 οὐδὲν

242 4406 269 4446 ςε
283 4378 474 4455 θπελάμόανον.
514 4372 598 4441 Ἧκον
617 4372 660 4439 οῦν
673 4381 766 4447 πάντες
781 4384 816 4447 εἷς
833 4380 863 4438 τό
875 4380 942 4458 μέγα
958 4383 1056 4456 πεδίον,

283 4470 310 4525 ἐν
321 4458 343 4548 ᾧ
354 4466 490 4547 διίτριόον·
505 4466 612 4545 Ἀσωχίς
624 4470 692 4527 ἐστιν
704 4468 786 4543 ὄνομα
796 4468 887 4547 τούτῳ.

323 4553 380 4632 126¹.
403 4555 560 4631 Θαυμάσιον
583 4556 610 4612 δὲ
635 4548 687 4613 οἷον
713 4556 810 4634 ὄνειρον
832 4557 875 4613 διά
898 4561 944 4625 τῆς
969 4556 1059 4624 νυκτὸς

283 4642 381 4712 ίκείνης
396 4640 553 4716 ἐθεασάμην.
595 4642 671 4701 Ἐπεί
684 4642 734 4722 γάρ
751 4645 787 4709 είς
799 4642 887 4713 κοίτην
907 4643 1059 4722 ἐτραπόμην

284 4726 326 4785 διδ
340 4726 372 4785 τὰ
384 4726 514 4806 γραφέντα
529 4727 690 4803 λυπούμενος
706 4727 752 4787 καί
764 4727 971 4807 τεταραγμένος,
985 4728 1060 4797 ἔδοξά

246 4836 341 4877 εοτινα
365 4812 449 4890 λε’γειν
471 4814 614 4873 ἐπιστάντα
632 4837 692 4891 μοι,
707 4845 718 4867 n
734 4820 835 4873 παῦσαι
856 4814 903 4886 τὴν
923 4806 1060 4894 depini}

285 4928 297 4950 κ
311 4892 397 4971 οὗτος,
417 4902 516 4979 ἀλγῶν,
539 4902 633 4969 παντός
653 4898 869 4961 τ”άπαλλάσοου
885 4901 976 4983 ρόῦου.
1017 4904 1060 4963 'i't

856 428 921 485 iiii.
946 426 1120 486 itiztiitoi'
1140 428 1249 489 iiiut.-

1752 426 1842 506 itte-i

1088 566 1211 626 pergerent
1228 576 1255 611 se
1267 575 1348 611 amere
1365 574 1404 611 me
1421 563 1452 611 nis
1467 562 1593 612 sacerdotii
1610 562 1757 624 dignitatern,
1775 565 1842 614 dmm

1087 652 1204 713 subjicere
1212 654 1237 699 et
1245 664 1274 699 ex
1286 650 1344 713 ipsis
1355 650 1418 700 duos
1426 650 1562 701 sacerdotes
1573 664 1632 700 esse.

1119 743 1158 789 iii.
1177 744 1259 797 Quum
1271 738 1316 786 ista
1334 737 1494 799 suggesisseut
1508 738 1619 787 tenetisne
1636 738 1734 800 eiusque
1752 740 1843 801 euticus,

1089 842 1202 901 quattuor
1221 838 1268 887 iiiia
1285 839 1375 898 argenti
1391 838 1511 899 myriadas
1525 839 1611 888 dente
1628 839 1728 902 publicis
1747 841 1844 903 ροσοοὶίι.

1090 935 1182 984 Deinde
1199 937 1282 985 audite
1294 938 1420 986 GaiiIeeum
1440 938 1577 1000 quendem,
1587 942 1672 987 iesum
1683 939 1789 998 numine,
1800 950 1845 986 οια

1090 1042 1256 1088 sescentorum
1276 1040 1378 1088 miiitum
1399 1040 1497 1089 miserie
1511 1040 1560 1102 jam
1578 1041 1674 1090 νεοίατο
1690 1040 1846 1103 tiiernsuiyua,

1090 1144 1147 1188 tune
1159 1141 1238 1203 ipsum
1252 1141 1357 1190 ercitum
1371 1143 1396 1190 et
1411 1140 1525 1191 trimestri
1536 1140 1657 1205 stipendio
1667 1142 1775 1190 denatum
1782 1147 1846 1203 insse

1091 1247 1146 1291 runt
1156 1244 1282 1293 tonarium
1292 1244 1391 1306 ejusque
1407 1244 1507 1305 eolleges
1516 1245 1584 1307 sequi
1593 1248 1619 1295 et
1630 1245 1677 1294 iliis
1687 1245 1846 1307 obtuperare,

1092 1347 1188 1410 insuper
1199 1353 1224 1398 et
1235 1349 1369 1399 trecentise
1381 1348 1476 1398 civibus
1489 1350 1639 1411 imperarunt
1648 1349 1735 1411 iegstns
1745 1350 1848 1409 minitari,

1091 1450 1147 1499 dntn
1156 1451 1269 1500 omuibus
1278 1453 1303 1501 in
1310 1456 1474 1521 eurnmeatum
1487 1456 1594 1513 urgento.
1628 1452 1678 1501 iiiis
1692 1452 1849 1514 igiturpersus·

1093 1553 1127 1601 sis
1141 1555 1167 1602 et
1181 1554 1211 1603 sd
1228 1554 1397 1617 protectionem
1412 1555 1511 1616 paratis,
1524 1554 1641 1603 innatiias
1658 1555 1756 1617 eiusque
1770 1555 1850 1616 rniiege

1093 1657 1181 1718 egressi
1192 1662 1262 1717 sunt,
1274 1670 1357 1707 semim
1366 1658 1481 1707 habentes
1489 1658 1562 1707 etiem
1575 1660 1677 1708 iunnuis
1695 1660 1783 1707 tratrem
1793 1664 1851 1719 atque

1094 1758 1181 1808 niiiites
1191 1764 1303 1820 eentum,
1318 1759 1436 1809 mandetis
1446 1760 1477 1809 ab
1494 1760 1531 1810 iiis
1541 1763 1583 1823 qui
1590 1760 1668 1823 ipsus·
1680 1761 1789 1809 miseruut
1799 1772 1852 1808 aree·

1095 1867 1154 1929 ptis,
1168 1867 1355 1931 uteispnnteeb
1366 1869 1439 1918 armis
1448 1868 1595 1918 discederem
1604 1904 1611 1927 ,
1620 1882 1661 1918 me
1672 1868 1750 1917 rivum
1759 1868 1781 1915 iu
1789 1869 1852 1915 iiiere

1095 1973 1260 2034 eutymiiarum
1269 1975 1354 2023 urbem
1360 1974 1510 2037 abiegsreuu
1522 1975 1560 2024 siu
1571 1989 1629 2025 rere
1636 1988 1798 2038 rennuerent,
1806 1973 1853 2022 aiiii

1096 2080 1229 2127 metuentes
1238 2090 1277 2125 me
1286 2077 1436 2139 nneidereut,
1452 2078 1506 2128 freti
1522 2078 1612 2127 stiiieet
1628 2080 1735 2141 ipsorum
1750 2076 1852 2125 mandate

1097 2179 1247 2243 Scripseruut
1255 2183 1336 2229 autem
1345 2180 1462 2229 eiinauui
1470 2185 1497 2228 ut
1505 2179 1535 2229 ad
1545 2179 1635 2229 betium
1647 2180 1759 2229 adversus
1769 2191 1803 2227 tue
1812 2190 1854 2229 ιοισ

1096 2281 1242 2343 recimerem
1251 2282 1322 2331 simui
1336 2286 1362 2332 et
1377 2282 1525 2346 Sepphoritis
1542 2287 1568 2331 et
1585 2281 1854 2335 cemrenisettiieriee

1098 2384 1165 2433 sibus
1176 2383 1331 2446 injungebant
1340 2390 1367 2433 ut
1377 2386 1463 2435 ioanni
1473 2386 1596 2448 suppetias
1607 2386 1738 2438 mitterent

1128 2490 1167 2537 tt.
1183 2490 1233 2537 ista
1246 2487 1305 2537 mitri
1314 2501 1389 2550 quintu
1400 2486 1728 2555 ruteriiteriaeignitiresset‚
1741 2486 1823 2549 (steni
1832 2498 1854 2534 ea

1098 2586 1220 2645 acceperet
1238 2582 1269 2632 ah
1285 2587 1343 2634 iesu
1368 2584 1475 2634 Gamsiae
1494 2583 1558 2643 iiio,
1579 2584 1621 2646 qui
1633 2583 1734 2633 eeueitiu
1751 2581 1855 2641 interfuit,

1099 2677 1157 2725 mitri
1168 2677 1372 2726 seiiinetamienet
1381 2676 1520 2739 iamiiisri,)
1533 2676 1716 2737 reideiuduini,
1726 2676 1855 2739 οιηιιοθοο·

1098 2782 1181 2820 aeram
1191 2771 1256 2817 eires
1265 2770 1288 2817 iu
1301 2782 1340 2818 me
1347 2769 1407 2818 aden
1416 2770 1520 2831 irsgrates
1528 2770 1664 2831 exstitisse,
1677 2773 1704 2820 ut
1713 2784 1752 2833 ρει
1762 2769 1856 2817 insidiam

1098 2862 1129 2911 de
1140 2862 1218 2910 medin
1230 2876 1269 2911 me
1282 2863 1332 2911 tuiti
1349 2862 1473 2923 irruereut3
1486 2868 1512 2912 et
1521 2862 1587 2925 quod
1604 2869 1672 2925 pater
1685 2876 1723 2911 me
1739 2875 1779 2924 per
1792 2862 1856 2909 iiterss

1100 2958 1252 3005 retierrienter
1275 2957 1459 3011 obsecraverat,
1485 2956 1522 3021 ad¹
1538 2970 1565 3005 se
1590 2961 1617 3004 ut
1645 2955 1761 3016 uenirem
1779 2954 1857 3003 dietat

1100 3051 1163 3099 enim
1187 3062 1214 3099 ee
1235 3050 1310 3099 iiiinrn
1330 3050 1412 3099 videre
1433 3051 1493 3099 reite
1512 3056 1642 3111 autequam
1666 3056 1764 3100 mertem
1780 3055 1857 3111 ορρειε·

1099 3152 1142 3195 ret
1175 3149 1223 3195 isin
1241 3159 1298 3194 sene
1318 3147 1402 3194 suricis
1421 3146 1546 3194 narrabam
1566 3144 1682 3208 querique
1701 3148 1753 3207 pest
1770 3143 1856 3193 tridunu

1099 3246 1193 3302 regione
1205 3240 1286 3290 relicte
1305 3241 1328 3289 iu
1343 3241 1443 3303 petriam
1457 3240 1608 3302 proiecturus
1621 3254 1709 3291 essem.
1748 3240 1856 3289 Universos

1101 3343 1181 3385 eutem
1191 3373 1198 3398 ,
1210 3338 1289 3397 quiea
1303 3335 1442 3395 audierant,
1454 3334 1587 3398 οοοορεῖιιι
1597 3348 1698 3397 moernr,
1711 3349 1790 3398 meque
1804 3333 1856 3382 irari·

1101 3438 1194 3481 neantes
1204 3432 1394 3490 obtestabantur,
1405 3444 1435 3480 ue
1444 3444 1485 3481 ene
1494 3430 1644 3493 desererem,
1657 3432 1771 3494 periturns
1780 3430 1799 3479 si
1808 3426 1855 3475 ieri·

1100 3534 1183 3579 nerent
1198 3542 1252 3577 mea
1268 3529 1316 3590 regi
1331 3527 1438 3589 imperia.
1473 3531 1555 3585 Quum
1570 3530 1653 3577 entem
1665 3528 1771 3591 preeitrns
1781 3526 1856 3574 imru

1102 3637 1149 3671 nnn
1161 3636 1304 3682 annuerem,
1322 3621 1366 3672 sed
1376 3621 1408 3671 de
1421 3634 1474 3670 mee
1484 3621 1557 3670 unius
1572 3623 1651 3671 sainte
1661 3622 1856 3672 wiiieiiusessen.
1902 3667 1903 3670 ,

1101 3717 1169 3765 veriti
1178 3716 1269 3766 Gatiioei
1278 3729 1309 3765 ne
1325 3717 1379 3777 post
1395 3728 1476 3764 meum
1485 3714 1621 3767 dianetum
1630 3716 1759 3765 introitibus
1772 3719 1857 3762 enatem·

1102 3808 1234 3871 utibiiioree
1250 3809 1347 3869 tierent,
1365 3809 1467 3859 nuncius
1479 3800 1521 3871 μέν
1536 3808 1663 3857 Gatiieem
1679 3821 1771 3857 emnem
1779 3806 1857 3853 dimise

1102 3912 1170 3965 runt,
1180 3918 1257 3955 meam
1268 3906 1299 3955 de
1311 3904 1455 3953 diseeesione
1468 3906 1610 3954 sententium
1628 3904 1778 3953 indicaturos
1805 3898 1856 3949 ituiti

1104 4004 1197 4060 seriem,
1215 4012 1290 4061 quum
1314 4002 1419 4060 primum
1436 3997 1461 4046 id
1477 3997 1636 4058 resciverunt,
1660 3996 1762 4059 nudique
1778 4004 1855 4053 οοιιςιο

1101 4095 1148 4154 gaii
1168 4098 1224 4141 suut
1243 4106 1298 4141 eum
1313 4090 1427 4140 uxoribus
1438 4093 1462 4139 et
1474 4076 1570 4146 tiberis,
1586 4104 1634 4139 uun
1654 4095 1704 4140 tam
1715 4090 1773 4149 mei,
1787 4084 1856 4145 uteri·

1103 4201 1155 4246 uon,
1167 4186 1284 4235 desiderio
1297 4186 1321 4234 id
1332 4189 1443 4246 egentes,
1453 4198 1525 4248 qisam
1539 4184 1604 4247 quad
1618 4184 1714 4233 sibimet
1727 4182 1852 4232 metueret:
1902 4175 1903 4182 ¹

1103 4295 1157 4329 uam
1169 4294 1307 4342 persuasum
1322 4264 1468 4339 imbuerunt,
1482 4292 1521 4327 me
1532 4284 1701 4341 persuadente,
1713 4276 1768 4327 uitrii
1778 4289 1800 4325 se
1813 4270 1855 4322 miii

1103 4374 1219 4423 edituros.
1251 4375 1374 4422 venerunt
1383 4371 1454 4432 igitur
1463 4370 1493 4418 ad
1502 4383 1541 4419 me
1550 4370 1655 4419 univemi
1664 4372 1689 4417 in
1700 4377 1855 4429 meguunmn·

1104 4484 1175 4534 puin,
1188 4469 1228 4519 ubi
1237 4474 1289 4519 tum
1301 4470 1399 4531 egebam
1411 4484 1417 4516 ε
1427 4466 1527 4517 ΑοοοΙιίε
1537 4480 1625 4516 numen
1639 4466 1688 4527 ipsi
1697 4470 1741 4517 esi

1134 4563 1174 4628 it.
1193 4562 1267 4608 Nocte
1280 4562 1359 4607 autem
1379 4557 1420 4606 iiie
1432 4555 1566 4605 mirandum
1585 4556 1643 4604 miti
1655 4555 1770 4615 objectum
1783 4551 1814 4598 esi
1826 4558 1853 4591 ιν

1105 4648 1203 4695 mnium.
1235 4650 1316 4704 Quum
1327 4645 1425 4695 enimin
1438 4644 1567 4729 cenitense
1578 4643 1734 4705 reuertissent,
1745 4634 1856 4687 mesinae

1104 4734 1215 4783 turbatus
1231 4748 1261 4783 ex
1278 4733 1307 4781 iis
1318 4746 1373 4794 quse
1390 4731 1420 4781 sd
1433 4744 1472 4781 me
1483 4730 1660 4793 seripteerent,
1671 4730 1736 4776 risus
1749 4737 1797 4773 sum
1812 4716 1855 4767 iiiiii

1105 4820 1186 4871 ridere
1199 4820 1318 4883 quendam
1329 4818 1479 4879 adstentsn,
1492 4817 1671 4878 dicentemque,
1686 4835 1698 4857 κ
1710 4816 1766 4863 nens
1782 4813 1816 4867 ii,
1825 4817 1855 4867 ii¹¹

1107 4928 1119 4951 ι
1132 4921 1232 4967 meres,
1244 4907 1319 4957 siiers
1328 4906 1435 4955 animum
1444 4918 1466 4954 a·
1474 4918 1590 4962 moernre,
1601 4908 1626 4952 et
1636 4902 1696 4951 iiber
1709 4904 1780 4951 estes
1791 4891 1855 4943 emi

285 5014 296 5038 r
309 4986 358 5067 γάρ
372 4987 503 5046 λυποῦντά
516 5010 546 5047 σε
558 4988 680 5067 με’γιοτον
693 4989 796 5061 ποιήσει
808 4988 853 5047 καὶ
866 4992 891 5048 ἐν
901 4999 981 5049 πᾶσιν
991 4993 1062 5050 εὐτυ-
1107 5016 1119 5039 n
1129 4996 1193 5045 dine.
1225 4999 1286 5054 Quae
1296 5000 1321 5045 tu
1333 4994 1413 5055 detes,
1429 5006 1542 5055 maguum
1554 4995 1578 5041 te
1593 4990 1726 5040 reddentet
1735 4988 1758 5036 iu
1767 4979 1857 5033 emathii

286 5099 298 5123 ι
311 5070 445 5151 χίστατον.
488 5075 668 5157 Κατορθόνσεις
684 5078 706 5134 δ’
720 5079 749 5135 οὐ
771 5075 849 5153 μόνον
867 5082 967 5148 ταῦτα,
991 5076 1059 5137 ἀλλά

1109 5104 1120 5126 ν
1133 5084 1303 5137 felicissimum.
1330 5086 1388 5132 iiam
1398 5082 1557 5131 ieeiesmunu
1568 5080 1619 5129 Ιιιοο
1628 5075 1857 5136 retenturam
