3859 6084
272 481 330 531 aut
373 467 493 549 (empna.)

271 611 324 668 τοῖς
336 624 364 658 τε
376 603 428 666 τοῖς
438 597 572 664 Ἰουδαίοις
588 599 695 676 ἰσχῦσαι
706 595 803 669 συνέθη
818 598 863 656 καὶ
875 597 1046 669 διαθοηθῆναι

271 687 345 764 παρδ
358 688 411 753 τοῖς
424 686 526 757 ἄλλοις,
541 681 609 743 ὥστε
623 682 714 760 τὰμὲν
726 683 809 742 πάλαι
822 684 886 761 μίση
899 684 1047 756 κινηθέντα,

747 467 1032 527 ΑΡΧΑΙΟΑΟΙΊΑΣ
1056 467 1149 526 bibl.
1171 467 1222 527 lt.
1246 468 1334 527 utu.
1355 469 1391 528 Θ.

1735 468 1873 545 [stuprat
1906 436 1907 505 ί

1096 604 1126 655 rit
1136 606 1198 669 apud
1209 606 1318 667 Judmcs,
1331 606 1441 671 adeoque
1450 607 1550 655 aliorum
1567 620 1675 657 ser-unone
1690 608 1876 669 percrebuerit,
1906 606 1907 653 ξ

1096 688 1122 732 ut
1131 684 1212 733 odium
1226 688 1308 745 ectus,
1318 683 1381 746 quod
1390 684 1552 733 concitaverat
1559 685 1592 733 ub
1603 684 1716 747 quadam
1727 686 1750 733 in
1763 690 1881 748 receptis
1906 690 1907 693 ’

270 773 313 833 διὰ
323 774 353 832 τὸ
364 772 576 854 παραχαρχωι,
586 770 642 829 pm
651 776 703 829 τῶ,
716 773 779 829 χρῶ,
791 772 837 830 και,
847 778 893 843 τῆς
903 771 1048 852 pammac,
1095 761 1233 811 muribuset
1244 762 1329 823 inipso
1341 774 1412 822 regno
1423 761 1509 810 uiolata
1519 796 1526 820 ,
1537 762 1663 811 exanimis
1673 762 1755 825 populi
1767 763 1883 811 unte-ersi

271 862 433 941 ἐξαιρεθῆναι
457 866 503 919 τοῦ
527 859 623 927 παντὸς
642 858 742 931 ἔθνους,
765 859 999 938 ἀντικατάλλαγμα
1022 858 1050 917 δὲ

244 966 258 1004 a
271 948 460 1031 φαίνεσθαιτην
473 950 498 1005 ἓν
509 951 541 1026 τῇ
552 947 657 1028 βοηθείᾳ
665 950 717 1004 τῶν
729 947 883 1005 δεινοτάτοιν
891 946 1048 1028 φιλοτιμίαν.

272 1036 388 1097 Εὔκλεια
406 1036 434 1096 δὲ
453 1036 499 1094 καὶ
520 1034 593 1114 παρδι
613 1037 665 1092 τῶν
685 1034 777 1103 ἔξωθεν
801 1026 843 1107 ῆν,
863 1035 908 1092 καί
931 1031 1050 1091 δοκεῖτὰ

1093 836 1141 897 jam
1150 836 1221 886 luerit
1229 837 1342 899 deletum,
1354 838 1447 899 sibique
1460 838 1621 901 persuaserint
1629 852 1658 887 er
1670 839 1723 899 eius
1733 838 1883 888 liberalitate

1093 915 1187 964 abunde
1199 916 1346 965 satisfactum
1360 914 1428 977 esse,
1438 930 1483 979 ope
1498 916 1524 965 ln
1541 918 1609 966 malis
1619 918 1767 979 gravissimis
1785 932 1878 981 suppe-

1093 991 1176 1041 ditata
1199 993 1262 1050 Quin
1272 996 1446 1054 etmagnaerat
1456 994 1520 1055 apud
1528 998 1623 1043 exteros
1632 994 1883 1056 gloria2rirleturqrre

1095 1070 1119 1119 in
1134 1070 1287 1121 difficultates
1305 1072 1417 1121 incidisse
1434 1086 1494 1134 peue
1515 1072 1677 1133 incredibiles,
1696 1087 1752 1135 quaa
1772 1088 1883 1135 reguum

272 1128 386 1203 3⁰⁰Z⁵iffi
404 1124 536 1199 ”filim
552 1122 599 1199 pis
613 1125 683 1201 αὐτῷ
696 1122 776 1198 μείζω
787 1122 879 1199 λόίθυι
894 1120 1050 1180 κακώσαντα
1095 1152 1149 1201 licet
1158 1154 1299 1215 afflixerint,
1313 1156 1343 1205 ad
1356 1154 1460 1204 nominis
1471 1157 1550 1205 tamea
1559 1154 1612 1215 ejus
1620 1155 1789 1205 celebritatem
1800 1157 1884 1218 pluri-

272 1212 299 1271 δὲ
314 1214 362 1283 τόν
378 1212 512 1291 βΰῑθῑδῑῖΰῑν
525 1213 574 1288 θῦχ
591 1209 890 1289 θκῑσῒαπρθίῑῦδθίίαν
904 1211 1049 1290 ὠφελῆσαί·
1095 1246 1160 1282 mum
1177 1235 1329 1284 contulerint.
1362 1239 1422 1285 Nam
1436 1234 1501 1297 quod
1510 1235 1657 1285 liberalitatis
1671 1236 1880 1298 magnificentiam
1906 1234 1907 1237 ’

271 1301 310 1360 Tb
336 1299 387 1379 γὰρ
407 1302 434 1357 ἓν
453 1302 511 1365 ταῖς
533 1297 653 1377 ἀπορίαις
676 1298 859 1377 μεγαλόψυχον
881 1296 953 1376 παρὰ
976 1296 1051 1363 δόξαν
1095 1316 1119 1364 in
1132 1316 1719 1380 angustiisoplnicnemajoreurostenderit,aclco
1733 1321 1815 1382 populi
1830 1322 1886 1369 ani·

235 1404 260 1443 ιο
273 1384 481 1461 ἐπιδεικνύμενος
490 1383 693 1461 ἀντιμετέστησε
704 1383 762 1449 τοὺς
773 1383 876 1463 ὄχλους,
883 1388 917 1451 ὡς
928 1383 955 1453 ἐξ
969 1388 1051 1462 ὑπαρ-

273 1476 323 1551 χῆς
336 1474 419 1531 δοκεῖν
438 1474 488 1551 οὐχ
501 1464 554 1529 οἷον
569 1476 586 1543 ἡ
600 1473 678 1552 πεῖρα
691 1476 742 1530 τῶν
758 1472 842 1530 πάλαι
860 1470 1050 1550 γεγενημένοιν,

274 1561 333 1621 ἀλλ’
347 1552 400 1619 οἷον
413 1564 431 1630 ἡ
446 1558 513 1636 μετδι
526 1564 573 1631 ’τῆς
586 1559 676 1639 χρείας
687 1558 823 1634 ἐπιμελεια
837 1560 1031 1640 παρεστήσατο.

318 1647 351 1727 γ’.
383 1647 450 1727 Περί
472 1646 499 1705 δὲ
524 1646 568 1705 τὸν
589 1646 681 1727 χρόνον
704 1650 800 1706 ἐκεῖνον
820 1649 864 1706 καί
885 1650 1053 1728 συμμαχικόν

275 1733 377 1816 έπεμψε
391 1733 507 1813 Καίσαρι
517 1732 701 1803 πεντακοσίους
715 1735 862 1803 ἐπιλέκτους
873 1740 925 1793 τῶν
936 1760 1053 1813 σωματο·

222 1836 262 1879 'ts
275 1822 406 1905 φυλάκων,
420 1820 463 1888 οθς
475 1821 575 1889 Γάλλος
585 1821 674 1889 Αἴλιος
687 1824 747 1903 περὶ
756 1822 803 1895 νῆν
818 1823 944 1904 Ἐρυθρὰν
956 1824 1055 1882 θάλασ-

276 1932 325 1969 σαν
336 1902 408 1985 ῆγεν,
421 1912 457 1976 εἰς
467 1907 552 1967 πολλά
561 1910 706 1989 χρησίμους
716 1912 787 1991 αὐτῷ
797 1910 955 1989 γενομένους.
998 1911 1054 1973 Πά-

277 2000 317 2055 λιν
326 1988 370 2056 οθν
382 1999 452 2077 αὐτῷ
463 2001 515 2056 τῶν
526 1998 689 2077 πραγμάτων
702 1998 766 2081 πρὸς
776 1998 889 2057 ἐπίδοσιν
900 2000 1056 2076 εὐθηνουμέ-

276 2109 338 2162 νων,
372 2085 502 2163 βασιλειαν
528 2084 682 2166 ἐξῳκοδόμει
716 2086 777 2167 περὶ
810 2086 857 2157 τὴν
888 2087 942 2146 άνοι
965 2088 1053 2165 πόλιν,

277 2171 457 2252 ὑπερμεγέθεις
470 2172 554 2240 οἴκους
569 2172 676 2253 ἐγείρων
687 2172 731 2231 καί
746 2174 838 2255 κόσμῳ
852 2176 1054 2244 κατασκευάζων

236 2277 264 2316 tu
276 2260 490 2340 πολυτελεστάτῳ
500 2266 598 2339 χρυσοῦ
610 2261 655 2319 καὶ
665 2260 744 2319 λίθων
756 2262 802 2320 καί
812 2264 1053 2343 περιαλειμμάτων,

276 2350 313 2414 ὑις
320 2345 428 2405 ἕκαστον
439 2350 524 2406 αὐτῶν
532 2348 634 2413 κλισίας
645 2346 694 2425 μὲν
705 2348 774 2427 ἔχειν
781 2350 954 2427 παμπόλλους
961 2350 1056 2431 ἄνδρας

278 2433 466 2514 ὑποδέχεσθαι,
480 2434 548 2493 κατὰ
566 2435 600 2493 τά
615 2435 698 2515 μέτρα
710 2436 737 2493 δὲ
751 2438 796 2495 καὶ
810 2437 855 2506 τάς
870 2439 1054 2519 προσηγορίας·

279 2526 293 2581 δ
308 2521 355 2599 μὲν
368 2522 419 2602 γάρ
432 2521 581 2602 Καίσαρος,
596 2526 610 2581 δ
622 2522 649 2580 δὲ
662 2523 794 2603 Ἀγρίππα
806 2524 942 2596 ἐκέκλητο.
965 2530 1055 2606 Προσ-

278 2609 409 2686 ελάμύανε
438 2609 465 2668 δὲ
486 2609 531 2667 καί
548 2610 633 2688 γάμον
654 2614 741 2691 αὑτῷ,
760 2614 872 2683 κινηθεὶς
890 2615 916 2681 ἐξ
932 2616 1056 2694 ἐρωτικῆς

239 2714 266 2754 tt
279 2698 431 2774 ίπιθυμίας,
447 2696 547 2774 μηδένα
560 2703 607 2756 τοῦ
626 2696 695 2756 κατά
715 2699 762 2770 τῆν
780 2700 877 2759 οἰκείαν
898 2702 992 2773 ἡδονὴν
1010 2707 1055 2775 ζῆν

279 2786 454 2863 ὑπολογισμὸν
480 2785 642 2862 ποιούμενος.
694 2785 774 2866 Ἀρχῆ
800 2790 823 2845 δ’
851 2792 922 2871 αὐτῷ
942 2794 993 2847 τῶν
1008 2790 1055 2869 γά-

280 2898 335 2949 μων
357 2874 456 2950 ἐγένετο
476 2873 572 2935 τοιάδε.
621 2873 713 2951 Σίμων
728 2869 759 2946 ῆν
771 2874 993 2956 Ἱεροσολυμίτης,
1004 2880 1057 2948 υἱὸς

279 2964 380 3032 Βοηθοῦ
393 2984 461 3028 τινος
479 2961 677 3043 Ἀλεξανδρέως,
691 2962 773 3043 ἱερεὺς
792 2966 818 3021 έν
830 2966 883 3032 τοῖς
901 2966 1056 3044 γνωρίμοις,

280 3040 335 3126 εἶχε
356 3047 382 3107 δὲ
403 3048 533 3128 θυγατέρα
559 3049 703 3121 καλλίστην
723 3053 775 3108 τῶν
794 3051 852 3110 τότε
873 3053 1056 3130 νομιζομένων.

240 3151 267 3190 au
279 3133 375 3202 Ὄντος
388 3128 432 3195 οὖν
452 3136 529 3213 λόγου
541 3134 614 3217 παρά
632 3138 685 3204 τοῖς
703 3136 921 3218 Ἱεροσολυμίταις
934 3141 994 3221 περὶ
1009 3144 1058 3200 αὖ·

280 3228 341 3295 τῆς,
359 3224 389 3281 τὸ
411 3222 458 3300 μίν
479 3226 581 3305 πρῶτον
602 3223 652 3281 ὑπὸ
674 3229 721 3296 τῆς
744 3229 823 3298 ἀκοῆς
846 3232 996 3299 κεκινῆσθαι
1014 3229 1057 3288 τόν

281 3310 403 3390 Ἡρώδην
418 3310 578 3387 συνέθαινεν,
593 3316 628 3379 ὡς
642 3314 669 3370 δὲ
680 3312 726 3371 καί
735 3313 896 3392 θεασάμενον
908 3321 925 3387 ἡ
937 3321 983 3387 τῆς
995 3340 1056 3375 παι·

282 3398 323 3464 δὸς
342 3396 495 3467 ἐξέπληττεν
512 3396 584 3478 ὥρα,
601 3399 630 3455 τό
649 3399 697 3475 μὲν
718 3400 765 3458 ἀπ’
789 3401 903 3470 ἐξουσίας
925 3402 1058 3483 χρώμενος

282 3485 409 3543 διατελεῖν
432 3484 503 3543 άπαν
523 3486 722 3561 ἀπεδοκίμαζεν,
751 3488 913 3568 ὑποπτεύων,
936 3490 1000 3570 ὅπερ
1017 3482 1058 3563 ῆν,

242 3593 268 3632 aa
282 3575 318 3641 εἰς
331 3573 390 3652 βίαν
399 3573 444 3632 καλ
454 3572 592 3652 τυραννίδα
604 3573 837 3649 διαθληθῆσεσθαι,
849 3576 949 3655 βελτιαν
961 3580 984 3636 δ’
995 3578 1059 3657 ᾤετο

282 3660 360 3739 γάμῳ
380 3660 427 3733 τῆν
446 3661 524 3741 κόρην
545 3660 645 3719 λαθεῖν.
699 3663 752 3721 Καὶ
776 3669 821 3721 τοῦ
847 3665 967 3739 Σίμωνος
989 3666 1059 3734 ὄντος

283 3747 432 3828 ἀδοξοτέρου
463 3747 509 3825 μὲν
539 3747 556 3818 i,
585 3748 649 3828 πρὸς
671 3750 830 3824 οἰκειότητα,
859 3753 971 3829 μείζονος
994 3755 1015 3813 δ’
1041 3756 1057 3827 ἢ

282 3838 516 3916 καταφρονεῖσθαι,
532 3836 575 3895 τδν
596 3838 784 3919 ἐπιεικέστερον
800 3840 894 3918 τρόπον
909 3842 999 3919 μετῄει
1011 3840 1058 3914 τῆν

283 3924 429 4000 ἐπιθυμίαν,
442 3923 525 3993 αὔξων
537 3924 631 3991 αὐτοὺς
643 3925 688 3983 καί
710 3926 878 4008 τιμιωτέρους
895 3929 1055 4010 ἀποφαίνων.

244 4035 271 4074 ιο
284 4012 387 4071 Αὐτίκα
400 4017 461 4091 γοῦν
472 4013 574 4084 Ἰησοῦν
588 4011 631 4071 τδν
643 4018 688 4071 τοῦ
706 4014 833 4086 bitere<
847 4017 994 4094 άραιρεῖται
1011 4016 1059 4087 τῆν

285 4098 487 4180 ἀρχιερωσύνην,
509 4100 618 4177 Σίμωνα
638 4101 667 4159 δὲ
680 4101 832 4175 καθίστησιν
850 4103 895 4163 ἐπὶ
914 4109 959 4175 τῆς
970 4110 1058 4183 τιμῆς,

283 4187 328 4246 καί
339 4186 369 4245 τό
378 4190 455 4258 κῆδος
468 4186 531 4267 πρὸς
545 4188 622 4248 αὐτόν
634 4189 804 4253 συνάπτεται.

323 4272 355 4333 δ’.
375 4274 545 4342 Τελεσθέντος
554 4274 580 4333 δὲ
591 4279 662 4355 αὐτῷ
670 4283 716 4335 τοῦ
725 4277 1059 4359 γάμου,προσκατεσκευά·

284 4385 348 4421 σατο
364 4360 483 4444 φρούριον
500 4362 544 4422 ἐπὶ
563 4368 615 4421 τῶν
626 4364 713 4423 τόπων
727 4367 753 4423 ἐν
767 4356 803 4433 οἷς
817 4367 889 4425 ἐνίκα
904 4367 1058 4442 Ἰουδαίους,

244 4469 271 4507 tu
284 4448 328 4509 ότε
341 4454 387 4520 τῆς
401 4454 482 4531 ἀρχῆς
494 4450 645 4517 ἐκπεσόντος
658 4451 799 4530 Ἀντίγονος
812 4453 855 4510 ἐπὶ
869 4458 920 4512 τῶν
934 4456 1059 4535 πραγμά-

283 4562 335 4595 των
349 4528 391 4609 ῆν.
432 4541 519 4597 Τοῦτο
531 4537 559 4595 δὲ
574 4538 604 4596 τδ
616 4537 736 4619 φρούριον
750 4540 844 4619 ἀπέχει
857 4538 904 4616 μὲν
919 4540 1061 4621 Ἱεροσολύ·

285 4650 340 4701 μων
360 4625 421 4704 περί
441 4624 563 4695 ἑξήκοντα
585 4625 720 4705 σταδίους,
752 4627 827 4708 φύσει
853 4627 880 4687 δὲ
898 4628 991 4708 ὀχυρὸν
1015 4629 1060 4687 καλ

284 4711 347 4791 πρδς
369 4711 533 4783 κατασκευὴν
554 4713 773 4785 ἐπιτηδειότατον.
814 4710 895 4775 Ἐστι
912 4715 963 4795 γάρ
987 4716 1060 4795 ἐγγὺς

285 4799 400 4871 ἐπιεικὴς
419 4799 544 4877 κολωνὸς,
571 4803 607 4868 είς
624 4800 686 4883 δψας
703 4802 782 4861 ἀνιὼν
807 4804 999 4884 χειροποίητον,
1026 4808 1060 4873 ὡς

246 4912 274 4949 sn
286 4878 352 4944 εἶναι
372 4889 514 4964 μαστοειδῆ
528 4884 575 4959 τῆν
593 4889 744 4970 περιφοράν,
755 4890 903 4962 διείληπται
925 4890 951 4950 δὲ
967 4893 1060 4951 κυκλο-

286 4972 371 5051 τερέσι
396 4972 515 5051 πύργοις,
537 4975 624 5056 ὀρθίαν
643 4976 710 5056 ἔχων
727 4977 827 5051 άνοδον,
848 4978 948 5048 ξεσταῖς
965 4985 1061 5060 βαθμῖ-

287 5082 328 5118 αιν
368 5059 601 5140 ἐξῳκοδομημένων
636 5067 671 5131 εἷς
706 5065 862 5132 διακοσίους.
919 5067 1010 5134 Ἐντὸς
1038 5070 1061 5127 δ’

1096 1412 1148 1447 mos
1158 1400 1274 1458 mutavit,
1286 1402 1313 1448 ut
1322 1400 1352 1449 ab
1363 1400 1430 1449 initio
1443 1414 1499 1450 euru
1511 1401 1632 1450 exstitisse
1641 1403 1753 1464 putarint
1763 1416 1811 1451 nan
1822 1419 1883 1466 qua·
1906 1388 1907 1464 ί

1096 1482 1142 1531 lem
1152 1487 1202 1543 lam
1212 1486 1268 1532 ante
1277 1484 1367 1546 experti
1377 1488 1434 1532 sunl
1443 1520 1450 1544 ,
1460 1484 1502 1533 aed
1519 1485 1613 1546 qualem
1626 1498 1657 1534 eu
1670 1498 1730 1533 cura
1740 1486 1841 1535 illorum
1859 1488 1884 1535 in

1097 1566 1279 1615 necessitatibus
1290 1580 1341 1616 sese
1350 1568 1467 1616 exhibuit.

1131 1657 1155 1702 3.
1174 1652 1224 1703 sub
1243 1652 1300 1702 illud
1319 1658 1398 1703 aulem
1415 1656 1510 1717 tenipus
1532 1654 1642 1706 misitet
1660 1658 1753 1707 caesarl
1773 1658 1885 1708 subsidia
1906 1646 1907 1649 ¹

1100 1730 1242 1802 quingentos
1253 1741 1327 1791 lectus
1341 1743 1448 1791 lrumines
1459 1742 1489 1793 de
1500 1742 1551 1793 suis
1562 1744 1719 1805 satellitibus,
1730 1759 1795 1809 quos
1804 1747 1884 1796 AElius
1906 1795 1907 1806 ,

1098 1828 1181 1879 Gallus
1190 1829 1219 1877 ad
1230 1842 1295 1879 mare
1308 1830 1417 1879 Rubrum
1427 1830 1512 1891 duait,
1527 1830 1615 1894 quique
1631 1833 1753 1895 almagno
1762 1835 1821 1883 usui
1834 1836 1883 1883 lue
1906 1818 1907 1881 ί

1098 1919 1162 1966 runt.
1179 1921 1308 1980 Quumque
1323 1918 1409 1967 iterum
1426 1932 1464 1969 res
1476 1918 1593 1969 mundas
1604 1921 1754 1970 etauctiores
1764 1922 1883 1982 baberet,
1906 1926 1907 1931 ’

1098 2005 1184 2065 regiam
1194 2006 1218 2054 in
1232 2006 1352 2067 superiore
1363 2006 1421 2056 urbe
1434 2006 1554 2067 coadidit,
1566 2008 1675 2058 tricliniis
1686 2012 1821 2059 exstructis
1831 2025 1880 2059 am·

1099 2092 1212 2154 plisslmis
1224 2094 1392 2156 exornatisque
1401 2096 1673 2158 aurosumpluosissime
1684 2101 1709 2146 et
1717 2099 1880 2147 mamnoribus

1098 2185 1123 2228 el
1133 2179 1265 2240 coloribus,
1278 2186 1304 2230 ut
1323 2181 1418 2231 illorum
1430 2184 1618 2246 unumquodque
1634 2184 1702 2233 lectis
1720 2184 1881 2237 instrueretur

1099 2266 1128 2315 ad
1156 2266 1274 2329 ingentem
1299 2268 1425 2333 bominum
1441 2282 1567 2320 numerum
1591 2270 1773 2334 excipiendum,
1802 2274 1880 2323 babila
1906 2273 1907 2341 γ

1099 2355 1189 2404 ratione
1201 2356 1369 2417 magnitudinis
1386 2358 1510 2421 cujusque
1527 2360 1633 2409 iliorum
1649 2364 1673 2409 et
1691 2361 1877 2423 appellationis:
1906 2362 1907 2433 l

1099 2456 1154 2491 nam
1167 2456 1242 2491 uuum
1252 2444 1367 2504 Caesaris,
1379 2445 1480 2494 alterum
1493 2446 1601 2509 Agrippae
1608 2448 1789 2498 nominabatur.
1810 2452 1880 2498 Porro

1100 2532 1124 2578 et
1147 2544 1247 2579 ιιιιοεειιι
1266 2530 1310 2579 sibi
1329 2531 1461 2593 accipiebat
1478 2534 1600 2583 amatoriae
1618 2534 1737 2597 cupidinis
1759 2536 1878 2599 impulsu,
1906 2522 1907 2580 ἶ

1100 2618 1164 2665 nulla
1181 2617 1291 2679 religione
1310 2618 1439 2681 impeditus
1459 2620 1587 2682 quominus
1604 2620 1628 2669 iu
1643 2622 1699 2671 vitre
1715 2622 1879 2685 voluptatibus

1100 2704 1179 2753 animo
1198 2717 1242 2753 suo
1258 2704 1440 2769 obsequeretur.
1472 2708 1566 2771 Nuptiae
1586 2711 1666 2759 autem
1684 2710 1753 2759 factm
1772 2714 1834 2760 sunt
1849 2725 1875 2760 ex
1906 2734 1907 2779 3

1101 2790 1236 2852 lurjusmodi
1247 2794 1378 2845 occasione.
1412 2798 1469 2843 Erat
1480 2795 1562 2845 Simon
1575 2796 1822 2860 Hierosolymitanus,
1834 2798 1879 2848 tle

1103 2880 1212 2928 nandriul
1230 2880 1355 2941 cujusdam
1377 2883 1472 2932 nomine
1492 2884 1576 2933 Boetbi
1596 2884 1672 2946 lilius,
1692 2885 1822 2947 sacerdos,
1847 2886 1879 2935 nir

1102 2967 1212 3030 illustris,
1223 2968 1372 3033 habebatque
1382 2971 1454 3021 filiam
1466 2973 1571 3022 omnium
1581 2973 1641 3035 ejus,
1652 2977 1679 3023 ut
1687 2974 1878 3035 existimabatur,

1101 3056 1215 3117 temporis
1231 3055 1436 3108 formosissimam.
1453 3040 1537 3123 ltaque
1549 3076 1624 3124 quum
1642 3063 1667 3111 ln
1682 3076 1725 3113 ore
1740 3067 1817 3127 atque
1833 3079 1878 3114 ser-
1906 3082 1907 3111 ι

1102 3154 1172 3191 ιιιοιιε
1190 3144 1457 3206 hierosolymitanorum
1475 3160 1526 3197 erae
1541 3148 1655 3211 coeperit,
1667 3150 1770 3213 primum
1782 3152 1876 3214 quidem
1906 3126 1907 3149 ί

1102 3227 1174 3278 siebat
1186 3234 1225 3291 ut,
1235 3229 1265 3280 de
1274 3244 1301 3281 ea
1315 3232 1354 3282 ubi
1366 3233 1473 3293 audivit,
1484 3240 1662 3298 permoveretur
1675 3238 1798 3299 llerudes,
1811 3240 1875 3287 amul
1906 3302 1907 3305 Ἴ

1103 3328 1158 3365 uero
1170 3330 1198 3365 ac
1209 3319 1259 3369 visa
1273 3320 1356 3369 lormoe
1368 3324 1493 3371 venustate
1504 3323 1610 3372 animum
1621 3322 1654 3372 illi
1671 3311 1775 3387 perculit
1792 3326 1876 3390 puella,
1906 3308 1907 3389 ί

1102 3404 1178 3453 noluit
1190 3406 1224 3455 uti
1238 3420 1281 3456 suu
1291 3411 1408 3471 potestate
1424 3410 1454 3458 ad
1470 3410 1614 3461 desiderium
1630 3411 1793 3475 expleudum,
1804 3414 1876 3477 strepi·
1906 3392 1907 3460 ί

1102 3506 1159 3541 cans
1170 3493 1208 3556 id,
1219 3495 1282 3555 quod
1295 3502 1361 3559 crat,
1377 3498 1421 3547 sibi
1436 3498 1495 3547 vilic
1512 3511 1608 3549 versum
1620 3500 1648 3548 iri
1665 3514 1694 3550 ac
1705 3502 1726 3551 si
1741 3515 1784 3564 per
1800 3503 1844 3551 nim
1855 3506 1876 3551 et
1906 3504 1907 3569 l

1104 3580 1226 3639 tyrannice
1234 3586 1329 3643 ageret,
1343 3584 1418 3632 satius
1429 3596 1485 3634 veru
1501 3586 1660 3636 arbitrabatur
1674 3590 1701 3637 ut
1716 3588 1784 3637 illam
1796 3590 1818 3638 in
1830 3602 1876 3637 ma·
1906 3604 1907 3655 ι

1104 3666 1215 3715 trimoaio
1227 3667 1332 3717 baberet.
1366 3672 1395 3719 El
1406 3674 1516 3732 quoniam
1527 3673 1608 3723 simun
1617 3675 1714 3725 minoris
1723 3679 1777 3725 erat
1786 3676 1876 3738 dignis
1906 3658 1907 3661 Ἴ

1103 3753 1134 3801 ιιι
1153 3767 1225 3815 quam
1240 3759 1267 3803 ut
1284 3756 1345 3817 regis
1367 3757 1445 3807 allinis
1461 3763 1540 3821 esset,
1559 3762 1655 3823 majoris
1671 3765 1756 3813 tamen
1766 3778 1838 3827 quam
1852 3768 1875 3812 ut

1103 3846 1303 3904 contemneretur,
1313 3844 1437 3895 meliorem
1448 3847 1571 3909 cupiditati
1584 3862 1636 3899 sure
1647 3850 1810 3901 mbslacieudi
1818 3852 1875 3899 νίιιιι

1104 3936 1263 3991 persequutus
1282 3937 1331 3993 est,
1350 3933 1402 3983 illos
1421 3935 1549 3985 bonoribus
1572 3938 1679 3999 augendo
1701 3942 1727 3989 et
1743 3940 1875 3989 illustriore
1906 3964 1907 4019 γ

1104 4016 1233 4067 reddendo.
1256 4022 1325 4069 'blox
1344 4021 1416 4083 igitur
1435 4026 1493 4073 iesu
1516 4024 1627 4075 Pbabctis
1646 4025 1695 4075 lilio
1719 4028 1873 4089 pontificatum
1906 4058 1907 4061 κ

1103 4104 1213 4167 abrogat,
1225 4111 1249 4156 et
1260 4108 1373 4157 bonorem
1393 4110 1419 4158 in
1430 4111 1550 4161 Simonem
1560 4112 1668 4174 conlert,
1679 4116 1752 4177 atque
1764 4117 1797 4165 ita
1807 4114 1872 4163 allui-
1906 4086 1907 4163 ί

1104 4198 1178 4247 tatem
1188 4211 1243 4247 euin
1256 4212 1285 4249 eo
1294 4200 1422 4263 conjungit
1906 4254 1907 4259 ,

1135 4288 1158 4333 l.
1175 4290 1255 4344 Quum
1266 4294 1345 4337 autem
1359 4289 1455 4352 nuptias
1470 4290 1625 4353 celebrasset,
1635 4294 1759 4344 castellum
1775 4296 1871 4344 etiamen
1906 4298 1907 4351 ἶ

1103 4394 1132 4431 eo
1149 4381 1201 4431 luco
1219 4386 1369 4448 consensit,
1390 4387 1432 4437 uhi
1451 4389 1549 4440 iudeus
1571 4392 1674 4453 vicerat,
1694 4407 1767 4455 reguo
1785 4397 1872 4443 exactus
1906 4400 1907 4439 ζ

1104 4480 1200 4540 quando
1222 4482 1353 4544 Antigonus
1372 4500 1450 4535 rerum
1474 4484 1620 4549 potiebatur.
1664 4492 1736 4548 Quod
1758 4492 1870 4542 οεειεθυιιι

1103 4577 1171 4626 abest
1192 4578 1222 4627 ab
1244 4581 1418 4643 Hierosolymis,
1439 4586 1561 4647 sexaginta
1582 4586 1656 4635 terme
1678 4588 1776 4650 stadia,
1799 4592 1871 4637 natura

1105 4675 1224 4735 munitum
1238 4682 1262 4727 et
1272 4678 1421 4728 aedificationi
1435 4682 1593 4744 aptissimum.
1627 4686 1670 4732 llst
1680 4685 1745 4734 euim
1758 4698 1868 4748 propemo-

1105 4769 1162 4819 dum
1174 4772 1280 4823 modicus
1289 4774 1365 4837 collis,
1374 4788 1487 4825 manuum
1497 4792 1570 4841 opera
1578 4779 1759 4831 inuititudiuem
1769 4787 1868 4835 ενεσιυε.
1906 4774 1907 4783 ’

1106 4868 1133 4913 ιιι
1149 4865 1240 4915 ambitu
1257 4880 1300 4917 suo
1314 4882 1427 4920 mammae
1440 4848 1541 4922 turmam
1559 4879 1588 4929 et,
1599 4874 1780 4926 similitudinem
1797 4886 1867 4940 preat
1906 4844 1907 4938 ί

1106 4964 1867 5035 terat:distinguiturautemturribusrotundis,arduombabens

1105 5072 1242 5122 ascensum,
1252 5076 1356 5126 eumque
1367 5077 1408 5125 per
1416 5066 1505 5127 gradus
1521 5065 1635 5117 ducentos
1646 5082 1677 5118 ea
1696 5070 1810 5132 lapidibus
1817 5080 1864 5129 qua·
1906 5050 1907 5131 ί

288 5148 367 5204 αὐτοῦ
382 5148 533 5224 καταγωγαί
549 5149 675 5226 βασίλειοι
691 5153 852 5224 πολυτελεῖς,
867 5156 902 5219 είς
917 5155 1066 5234 ἀσφάλειαν
1105 5158 1318 5211 dratiaatructum.
1349 5167 1417 5215 lutus
1434 5178 1491 5215 vero
1511 5164 1641 5216 diversoria
1657 5173 1714 5217 eunt
1734 5166 1865 5230 regianum
1906 5224 1907 5253 γ

288 5238 354 5315 ὑμυῦ
367 5234 413 5292 καί
432 5234 529 5312 κόσμον
548 5237 729 5315 πεποιημέναι·
746 5240 805 5320 περὶ
825 5240 853 5298 δὲ
865 5240 911 5312 τῆν
925 5242 1001 5320 βάσιν
1016 5248 1060 5303 τοῦ

1107 5256 1245 5320 magnilica,
1256 5258 1306 5309 lam
1319 5258 1348 5307 ad
1359 5259 1494 5313 firmitatem
1505 5276 1576 5326 quam
1588 5262 1616 5313 ad
1630 5264 1807 5327 pulcritudinem
1814 5274 1863 5311 curu
1906 5256 1907 5309 l
