<?xml version="1.0" encoding="UTF-8"?>
<!DOCTYPE html PUBLIC "-//W3C//DTD XHTML 1.0 Transitional//EN"
    "http://www.w3.org/TR/xhtml1/DTD/xhtml1-transitional.dtd">
<html xmlns="http://www.w3.org/1999/xhtml" xml:lang="en" lang="en">
 <head>
  <title>
</title>
<meta http-equiv="Content-Type" content="text/html;charset=utf-8" />
  <meta name='ocr-system' content='tesseract 3.04.00' />
  <meta name='ocr-capabilities' content='ocr_page ocr_carea ocr_par ocr_line ocrx_word'/>
</head>
<body>
  <div class='ocr_page' id='page_1' title='image "./operagraeceetla01dindgoog_0094.png"; bbox 0 0 3859 6084; ppageno 0'>
   <div class='ocr_carea' id='block_1_1' title="bbox 205 500 448 605">
    <p class='ocr_par' dir='ltr' id='par_1_1' title="bbox 205 500 448 605">
     <span class='ocr_line' id='line_1_1' title="bbox 205 500 448 605; baseline -0.008 -18"><span class='ocrx_word' id='word_1_1' title='bbox 205 500 209 507; x_wconf 60' lang='grc'>’</span> <span class='ocrx_word' id='word_1_2' title='bbox 260 538 295 587; x_wconf 85' lang='lat' dir='ltr'>sa</span> <span class='ocrx_word' id='word_1_3' title='bbox 358 530 448 605; x_wconf 69' lang='lat' dir='ltr'>torpe.)</span> 
     </span>
    </p>
   </div>
   <div class='ocr_carea' id='block_1_2' title="bbox 220 658 1039 2047">
    <p class='ocr_par' dir='ltr' id='par_1_2' title="bbox 220 658 1039 2047">
     <span class='ocr_line' id='line_1_2' title="bbox 259 658 1031 738; baseline 0.008 -23"><span class='ocrx_word' id='word_1_4' title='bbox 259 658 304 715; x_wconf 92' lang='grc' dir='ltr'>ἀπ’</span> <span class='ocrx_word' id='word_1_5' title='bbox 315 660 421 738; x_wconf 84' lang='grc' dir='ltr'>οὐρανοῦ</span> <span class='ocrx_word' id='word_1_6' title='bbox 437 660 658 736; x_wconf 67' lang='grc' dir='ltr'>καταπεμφθεῖσιν</span> <span class='ocrx_word' id='word_1_7' title='bbox 671 660 755 725; x_wconf 86' lang='grc' dir='ltr'>αὐτοῖς</span> <span class='ocrx_word' id='word_1_8' title='bbox 771 660 908 721; x_wconf 84' lang='grc' dir='ltr'>διετέλουν.</span> <span class='ocrx_word' id='word_1_9' title='bbox 947 666 989 733; x_wconf 81' lang='grc' dir='ltr'><strong>Τῆ</strong></span> <span class='ocrx_word' id='word_1_10' title='bbox 1004 662 1031 721; x_wconf 79' lang='grc' dir='ltr'>δέ</span> 
     </span>
     <span class='ocr_line' id='line_1_3' title="bbox 258 730 1032 830; baseline 0.004 -27"><span class='ocrx_word' id='word_1_11' title='bbox 258 749 339 825; x_wconf 88' lang='grc' dir='ltr'>τροφῇ</span> <span class='ocrx_word' id='word_1_12' title='bbox 352 742 434 822; x_wconf 80' lang='grc' dir='ltr'>ταύτῃ</span> <span class='ocrx_word' id='word_1_13' title='bbox 446 744 642 824; x_wconf 86' lang='grc' dir='ltr'>τεσσαράκοντα</span> <span class='ocrx_word' id='word_1_14' title='bbox 653 744 734 804; x_wconf 86' lang='grc' dir='ltr'>ἐτεσιν</span> <span class='ocrx_word' id='word_1_15' title='bbox 747 748 905 828; x_wconf 81' lang='grc' dir='ltr'>ἐχρήσαντο,</span> <span class='ocrx_word' id='word_1_16' title='bbox 919 752 957 830; x_wconf 88' lang='grc' dir='ltr'>ἐφ’</span> <span class='ocrx_word' id='word_1_17' title='bbox 972 730 1032 808; x_wconf 81' lang='grc' dir='ltr'>ὐοον</span> 
     </span>
     <span class='ocr_line' id='line_1_4' title="bbox 257 824 630 911; baseline -0.005 -18"><span class='ocrx_word' id='word_1_18' title='bbox 257 832 349 911; x_wconf 87' lang='grc' dir='ltr'>χρόνον</span> <span class='ocrx_word' id='word_1_19' title='bbox 363 824 429 903; x_wconf 81' lang='grc' dir='ltr'>ήσαν</span> <span class='ocrx_word' id='word_1_20' title='bbox 443 833 469 888; x_wconf 86' lang='grc' dir='ltr'>ἐν</span> <span class='ocrx_word' id='word_1_21' title='bbox 484 836 516 910; x_wconf 84' lang='grc' dir='ltr'>τῇ</span> <span class='ocrx_word' id='word_1_22' title='bbox 532 831 630 911; x_wconf 89' lang='grc' dir='ltr'>ἐρήμῳ.</span> 
     </span>
     <span class='ocr_line' id='line_1_5' title="bbox 298 917 1033 1003; baseline 0.004 -27"><span class='ocrx_word' id='word_1_23' title='bbox 298 918 328 987; x_wconf 82' lang='grc' dir='ltr'>ζ’.</span> <span class='ocrx_word' id='word_1_24' title='bbox 351 918 397 984; x_wconf 86' lang='grc' dir='ltr'>Ὡς</span> <span class='ocrx_word' id='word_1_25' title='bbox 409 919 431 976; x_wconf 89' lang='grc' dir='ltr'>δ’</span> <span class='ocrx_word' id='word_1_26' title='bbox 445 920 541 977; x_wconf 81' lang='grc' dir='ltr'>ἐκεῖθεν</span> <span class='ocrx_word' id='word_1_27' title='bbox 551 919 659 999; x_wconf 79' lang='grc' dir='ltr'>ἄραντες</span> <span class='ocrx_word' id='word_1_28' title='bbox 673 923 708 987; x_wconf 84' lang='grc' dir='ltr'>εἰς</span> <span class='ocrx_word' id='word_1_29' title='bbox 722 920 841 1003; x_wconf 82' lang='grc' dir='ltr'>Ῥαφιδῖν</span> <span class='ocrx_word' id='word_1_30' title='bbox 855 917 928 997; x_wconf 71' lang='grc' dir='ltr'>ἧκον,</span> <span class='ocrx_word' id='word_1_31' title='bbox 941 926 1033 981; x_wconf 90' lang='grc' dir='ltr'>ταλαι-</span> 
     </span>
     <span class='ocr_line' id='line_1_6' title="bbox 232 1004 1034 1089; baseline 0.004 -25"><span class='ocrx_word' id='word_1_32' title='bbox 232 1005 418 1085; x_wconf 77' lang='grc' dir='ltr'>επωρηθέντες</span> <span class='ocrx_word' id='word_1_33' title='bbox 437 1004 488 1063; x_wconf 85' lang='grc' dir='ltr'>ὑπὸ</span> <span class='ocrx_word' id='word_1_34' title='bbox 509 1010 554 1063; x_wconf 91' lang='grc' dir='ltr'>τοῦ</span> <span class='ocrx_word' id='word_1_35' title='bbox 582 1006 668 1087; x_wconf 80' lang='grc' dir='ltr'>δίψους</span> <span class='ocrx_word' id='word_1_36' title='bbox 692 1009 728 1075; x_wconf 84' lang='grc' dir='ltr'>είς</span> <span class='ocrx_word' id='word_1_37' title='bbox 747 1008 866 1089; x_wconf 82' lang='grc' dir='ltr'>ἔσχατον,</span> <span class='ocrx_word' id='word_1_38' title='bbox 891 1010 916 1069; x_wconf 86' lang='grc' dir='ltr'>ἐν</span> <span class='ocrx_word' id='word_1_39' title='bbox 936 1033 964 1068; x_wconf 90' lang='grc' dir='ltr'>τε</span> <span class='ocrx_word' id='word_1_40' title='bbox 977 1010 1034 1075; x_wconf 85' lang='grc' dir='ltr'>ταῖς</span> 
     </span>
     <span class='ocr_line' id='line_1_7' title="bbox 257 1091 1034 1176; baseline 0.004 -25"><span class='ocrx_word' id='word_1_41' title='bbox 257 1093 381 1172; x_wconf 90' lang='grc' dir='ltr'>πρότερον</span> <span class='ocrx_word' id='word_1_42' title='bbox 400 1091 510 1171; x_wconf 75' lang='grc' dir='ltr'>ἡμέραις</span> <span class='ocrx_word' id='word_1_43' title='bbox 530 1092 633 1161; x_wconf 79' lang='grc' dir='ltr'>πίδαξιν</span> <span class='ocrx_word' id='word_1_44' title='bbox 649 1094 747 1171; x_wconf 78' lang='grc' dir='ltr'>ὀλίγαις</span> <span class='ocrx_word' id='word_1_45' title='bbox 764 1096 975 1176; x_wconf 86' lang='grc' dir='ltr'>ἐντυγχάνοντες,</span> <span class='ocrx_word' id='word_1_46' title='bbox 989 1096 1034 1155; x_wconf 86' lang='grc' dir='ltr'>καὶ</span> 
     </span>
     <span class='ocr_line' id='line_1_8' title="bbox 256 1178 1035 1261; baseline 0.004 -24"><span class='ocrx_word' id='word_1_47' title='bbox 256 1180 314 1239; x_wconf 85' lang='grc' dir='ltr'>τότε</span> <span class='ocrx_word' id='word_1_48' title='bbox 336 1179 488 1237; x_wconf 90' lang='grc' dir='ltr'>παντάπασι</span> <span class='ocrx_word' id='word_1_49' title='bbox 505 1178 612 1259; x_wconf 84' lang='grc' dir='ltr'>ἄνυδρον</span> <span class='ocrx_word' id='word_1_50' title='bbox 633 1182 748 1260; x_wconf 79' lang='grc' dir='ltr'>εὑρόντες</span> <span class='ocrx_word' id='word_1_51' title='bbox 762 1183 808 1255; x_wconf 77' lang='grc' dir='ltr'>τὴν</span> <span class='ocrx_word' id='word_1_52' title='bbox 826 1190 884 1261; x_wconf 79' lang='grc' dir='ltr'>γῆν,</span> <span class='ocrx_word' id='word_1_53' title='bbox 897 1186 923 1242; x_wconf 85' lang='grc' dir='ltr'>ἐν</span> <span class='ocrx_word' id='word_1_54' title='bbox 946 1191 1035 1249; x_wconf 87' lang='grc' dir='ltr'>κακοῖς</span> 
     </span>
     <span class='ocr_line' id='line_1_9' title="bbox 257 1260 1035 1345; baseline 0.005 -19"><span class='ocrx_word' id='word_1_55' title='bbox 257 1260 332 1339; x_wconf 75' lang='grc' dir='ltr'>ἦσαν·</span> <span class='ocrx_word' id='word_1_56' title='bbox 348 1266 393 1325; x_wconf 86' lang='grc' dir='ltr'>καί</span> <span class='ocrx_word' id='word_1_57' title='bbox 402 1265 481 1324; x_wconf 91' lang='grc' dir='ltr'>πάλιν</span> <span class='ocrx_word' id='word_1_58' title='bbox 495 1266 529 1323; x_wconf 75' lang='grc' dir='ltr'>δι’</span> <span class='ocrx_word' id='word_1_59' title='bbox 542 1268 620 1345; x_wconf 79' lang='grc' dir='ltr'>ὀργῆς</span> <span class='ocrx_word' id='word_1_60' title='bbox 630 1266 673 1325; x_wconf 89' lang='grc' dir='ltr'>τδν</span> <span class='ocrx_word' id='word_1_61' title='bbox 685 1270 804 1340; x_wconf 81' lang='grc' dir='ltr'>Μωῦσῆν</span> <span class='ocrx_word' id='word_1_62' title='bbox 819 1272 958 1331; x_wconf 88' lang='grc' dir='ltr'>ἐποιοῦντο.</span> <span class='ocrx_word' id='word_1_63' title='bbox 1000 1269 1035 1329; x_wconf 82' lang='lat'>‘0</span> 
     </span>
     <span class='ocr_line' id='line_1_10' title="bbox 258 1351 1035 1435; baseline 0 -23"><span class='ocrx_word' id='word_1_64' title='bbox 258 1353 343 1423; x_wconf 77' lang='grc' dir='ltr'>δέτήν</span> <span class='ocrx_word' id='word_1_65' title='bbox 360 1351 444 1431; x_wconf 79' lang='grc' dir='ltr'>ὁρμήν</span> <span class='ocrx_word' id='word_1_66' title='bbox 461 1358 507 1423; x_wconf 77' lang='grc' dir='ltr'>τοῦ</span> <span class='ocrx_word' id='word_1_67' title='bbox 527 1352 640 1423; x_wconf 75' lang='grc' dir='ltr'>πλήθους</span> <span class='ocrx_word' id='word_1_68' title='bbox 656 1353 721 1435; x_wconf 85' lang='grc' dir='ltr'>πρὸς</span> <span class='ocrx_word' id='word_1_69' title='bbox 741 1354 833 1435; x_wconf 77' lang='grc' dir='ltr'>μικρὸν</span> <span class='ocrx_word' id='word_1_70' title='bbox 852 1355 971 1423; x_wconf 79' lang='grc' dir='ltr'>ἐκκλίνας</span> <span class='ocrx_word' id='word_1_71' title='bbox 992 1354 1035 1413; x_wconf 64' lang='lat' dir='ltr'>sni</span> 
     </span>
     <span class='ocr_line' id='line_1_11' title="bbox 220 1439 1036 1523; baseline 0 -22"><span class='ocrx_word' id='word_1_72' title='bbox 220 1464 245 1503; x_wconf 86' lang='lat' dir='ltr'>to</span> <span class='ocrx_word' id='word_1_73' title='bbox 257 1441 330 1507; x_wconf 84' lang='grc' dir='ltr'>λιτάς</span> <span class='ocrx_word' id='word_1_74' title='bbox 342 1439 464 1519; x_wconf 85' lang='grc' dir='ltr'>τρέπεται</span> <span class='ocrx_word' id='word_1_75' title='bbox 474 1446 519 1498; x_wconf 86' lang='grc' dir='ltr'>τοῦ</span> <span class='ocrx_word' id='word_1_76' title='bbox 528 1442 597 1500; x_wconf 84' lang='grc' dir='ltr'>Θεοῦ</span> <span class='ocrx_word' id='word_1_77' title='bbox 607 1485 614 1512; x_wconf 98' lang='grc'>,</span> <span class='ocrx_word' id='word_1_78' title='bbox 626 1444 786 1519; x_wconf 84' lang='grc' dir='ltr'>παρακαλῶν</span> <span class='ocrx_word' id='word_1_79' title='bbox 797 1446 832 1509; x_wconf 80' lang='grc' dir='ltr'>ὡς</span> <span class='ocrx_word' id='word_1_80' title='bbox 846 1441 941 1523; x_wconf 82' lang='grc' dir='ltr'>τροφὴν</span> <span class='ocrx_word' id='word_1_81' title='bbox 952 1445 1036 1509; x_wconf 89' lang='grc' dir='ltr'>αὐτοις</span> 
     </span>
     <span class='ocr_line' id='line_1_12' title="bbox 258 1526 1036 1612; baseline 0.003 -27"><span class='ocrx_word' id='word_1_82' title='bbox 258 1527 353 1585; x_wconf 81' lang='grc' dir='ltr'>ἔδωκεν</span> <span class='ocrx_word' id='word_1_83' title='bbox 368 1526 566 1605; x_wconf 81' lang='grc' dir='ltr'>ἀπορουμένοις,</span> <span class='ocrx_word' id='word_1_84' title='bbox 581 1526 648 1585; x_wconf 88' lang='grc' dir='ltr'>οῦτω</span> <span class='ocrx_word' id='word_1_85' title='bbox 660 1529 704 1586; x_wconf 86' lang='grc' dir='ltr'>καὶ</span> <span class='ocrx_word' id='word_1_86' title='bbox 716 1528 793 1588; x_wconf 89' lang='grc' dir='ltr'>ποτδν</span> <span class='ocrx_word' id='word_1_87' title='bbox 809 1534 964 1612; x_wconf 80' lang='grc' dir='ltr'>παρασχεῖν,</span> <span class='ocrx_word' id='word_1_88' title='bbox 980 1532 1036 1587; x_wconf 87' lang='grc' dir='ltr'>διοι-</span> 
     </span>
     <span class='ocr_line' id='line_1_13' title="bbox 260 1612 1037 1697; baseline 0.001 -25"><span class='ocrx_word' id='word_1_89' title='bbox 260 1612 428 1695; x_wconf 69' lang='grc' dir='ltr'>φθειρομένης</span> <span class='ocrx_word' id='word_1_90' title='bbox 442 1614 487 1671; x_wconf 68' lang='lat' dir='ltr'>eei</span> <span class='ocrx_word' id='word_1_91' title='bbox 502 1618 550 1685; x_wconf 79' lang='grc' dir='ltr'>τῆς</span> <span class='ocrx_word' id='word_1_92' title='bbox 568 1614 611 1673; x_wconf 73' lang='lat' dir='ltr'>tri</span> <span class='ocrx_word' id='word_1_93' title='bbox 624 1620 705 1697; x_wconf 84' lang='grc' dir='ltr'>τροφῇ</span> <span class='ocrx_word' id='word_1_94' title='bbox 718 1616 824 1696; x_wconf 88' lang='grc' dir='ltr'>χάριτος</span> <span class='ocrx_word' id='word_1_95' title='bbox 839 1624 920 1676; x_wconf 89' lang='grc' dir='ltr'>ποτοῦ</span> <span class='ocrx_word' id='word_1_96' title='bbox 936 1616 972 1694; x_wconf 77' lang='grc' dir='ltr'>μὴ</span> <span class='ocrx_word' id='word_1_97' title='bbox 982 1639 1037 1674; x_wconf 89' lang='grc' dir='ltr'>πα-</span> 
     </span>
     <span class='ocr_line' id='line_1_14' title="bbox 260 1700 1033 1785; baseline 0.005 -26"><span class='ocrx_word' id='word_1_98' title='bbox 260 1700 354 1780; x_wconf 90' lang='grc' dir='ltr'>ρόντος.</span> <span class='ocrx_word' id='word_1_99' title='bbox 395 1700 428 1761; x_wconf 88' lang='grc' dir='ltr'><strong>Ὁ</strong></span> <span class='ocrx_word' id='word_1_100' title='bbox 439 1702 463 1759; x_wconf 88' lang='grc' dir='ltr'>δ’</span> <span class='ocrx_word' id='word_1_101' title='bbox 473 1704 520 1760; x_wconf 88' lang='grc' dir='ltr'>οὐκ</span> <span class='ocrx_word' id='word_1_102' title='bbox 532 1705 567 1768; x_wconf 79' lang='grc' dir='ltr'>εἰς</span> <span class='ocrx_word' id='word_1_103' title='bbox 578 1701 680 1784; x_wconf 72' lang='grc' dir='ltr'>μακρὰν</span> <span class='ocrx_word' id='word_1_104' title='bbox 691 1703 739 1775; x_wconf 78' lang='grc' dir='ltr'>τήν</span> <span class='ocrx_word' id='word_1_105' title='bbox 752 1704 849 1785; x_wconf 74' lang='grc' dir='ltr'>δωρεάν</span> <span class='ocrx_word' id='word_1_106' title='bbox 862 1704 1033 1778; x_wconf 80' lang='grc' dir='ltr'>ἀνεόάλλετο,</span> 
     </span>
     <span class='ocr_line' id='line_1_15' title="bbox 258 1784 1036 1872; baseline 0.006 -26"><span class='ocrx_word' id='word_1_107' title='bbox 258 1794 296 1867; x_wconf 79' lang='grc' dir='ltr'>τῷ</span> <span class='ocrx_word' id='word_1_108' title='bbox 308 1788 335 1847; x_wconf 80' lang='grc' dir='ltr'>δὲ</span> <span class='ocrx_word' id='word_1_109' title='bbox 350 1784 456 1869; x_wconf 72' lang='grc' dir='ltr'>Μωῦσῇ</span> <span class='ocrx_word' id='word_1_110' title='bbox 468 1788 587 1872; x_wconf 77' lang='grc' dir='ltr'>παρέξειν</span> <span class='ocrx_word' id='word_1_111' title='bbox 604 1794 766 1871; x_wconf 87' lang='grc' dir='ltr'>θπιτχνεῖται</span> <span class='ocrx_word' id='word_1_112' title='bbox 779 1793 867 1872; x_wconf 76' lang='grc' dir='ltr'>πηγήν</span> <span class='ocrx_word' id='word_1_113' title='bbox 883 1793 928 1851; x_wconf 85' lang='grc' dir='ltr'>καλ</span> <span class='ocrx_word' id='word_1_114' title='bbox 939 1796 1036 1863; x_wconf 80' lang='grc' dir='ltr'>πλῆθος</span> 
     </span>
     <span class='ocr_line' id='line_1_16' title="bbox 223 1874 1036 1960; baseline 0.005 -27"><span class='ocrx_word' id='word_1_115' title='bbox 223 1896 245 1933; x_wconf 77' lang='grc' dir='ltr'>ιτ</span> <span class='ocrx_word' id='word_1_116' title='bbox 260 1876 365 1947; x_wconf 85' lang='grc' dir='ltr'>ύδατος,</span> <span class='ocrx_word' id='word_1_117' title='bbox 381 1874 437 1935; x_wconf 84' lang='grc' dir='ltr'>ὅθεν</span> <span class='ocrx_word' id='word_1_118' title='bbox 455 1879 484 1935; x_wconf 92' lang='grc' dir='ltr'>οὐ</span> <span class='ocrx_word' id='word_1_119' title='bbox 499 1878 714 1956; x_wconf 79' lang='grc' dir='ltr'>προσδοκήσειαν.</span> <span class='ocrx_word' id='word_1_120' title='bbox 756 1881 809 1940; x_wconf 81' lang='grc' dir='ltr'>Καὶ</span> <span class='ocrx_word' id='word_1_121' title='bbox 825 1880 924 1939; x_wconf 81' lang='grc' dir='ltr'>κελεύει</span> <span class='ocrx_word' id='word_1_122' title='bbox 935 1885 973 1960; x_wconf 79' lang='grc' dir='ltr'>τῷ</span> <span class='ocrx_word' id='word_1_123' title='bbox 989 1880 1036 1958; x_wconf 90' lang='grc' dir='ltr'>βά-</span> 
     </span>
     <span class='ocr_line' id='line_1_17' title="bbox 261 1963 1039 2047; baseline 0.004 -27"><span class='ocrx_word' id='word_1_124' title='bbox 261 1986 331 2043; x_wconf 88' lang='grc' dir='ltr'>κτρῳ</span> <span class='ocrx_word' id='word_1_125' title='bbox 345 1963 479 2033; x_wconf 78' lang='grc' dir='ltr'>πλήξαντα</span> <span class='ocrx_word' id='word_1_126' title='bbox 490 1964 537 2034; x_wconf 87' lang='grc' dir='ltr'>τὴν</span> <span class='ocrx_word' id='word_1_127' title='bbox 547 1965 654 2041; x_wconf 90' lang='grc' dir='ltr'>πέτραν,</span> <span class='ocrx_word' id='word_1_128' title='bbox 664 1965 697 2037; x_wconf 85' lang='grc' dir='ltr'>ἢν</span> <span class='ocrx_word' id='word_1_129' title='bbox 711 1966 798 2046; x_wconf 80' lang='grc' dir='ltr'>ἐώρων</span> <span class='ocrx_word' id='word_1_130' title='bbox 813 1970 900 2026; x_wconf 85' lang='grc' dir='ltr'>αὐτόθι</span> <span class='ocrx_word' id='word_1_131' title='bbox 912 1990 1039 2047; x_wconf 87' lang='grc' dir='ltr'>παρακει-</span> 
     </span>
    </p>
   </div>
   <div class='ocr_carea' id='block_1_3' title="bbox 739 532 1366 592">
    <p class='ocr_par' dir='ltr' id='par_1_3' title="bbox 739 532 1366 592">
     <span class='ocr_line' id='line_1_18' title="bbox 739 532 1366 592; baseline -0.002 -3"><span class='ocrx_word' id='word_1_132' title='bbox 739 532 1023 592; x_wconf 71' lang='grc' dir='ltr'>ΑΡΧΑΙΟΑΟΙΊᾹΣ</span> <span class='ocrx_word' id='word_1_133' title='bbox 1043 534 1140 591; x_wconf 77' lang='lat' dir='ltr'>stou.</span> <span class='ocrx_word' id='word_1_134' title='bbox 1164 534 1195 591; x_wconf 75' lang='grc' dir='ltr'>λ’.</span> <span class='ocrx_word' id='word_1_135' title='bbox 1219 532 1310 592; x_wconf 84' lang='grc' dir='ltr'><strong>ΚΕΦ.</strong></span> <span class='ocrx_word' id='word_1_136' title='bbox 1334 532 1366 589; x_wconf 88' lang='grc' dir='ltr'>Β.</span> 
     </span>
    </p>
   </div>
   <div class='ocr_carea' id='block_1_4' title="bbox 1728 535 1849 612">
    <p class='ocr_par' dir='ltr' id='par_1_4' title="bbox 1728 535 1849 612">
     <span class='ocr_line' id='line_1_19' title="bbox 1728 535 1849 612; baseline 0.008 -1"><span class='ocrx_word' id='word_1_137' title='bbox 1728 535 1849 612; x_wconf 49' lang='lat' dir='ltr'>rerer</span> 
     </span>
    </p>
   </div>
   <div class='ocr_carea' id='block_1_5' title="bbox 1075 670 1862 1383">
    <p class='ocr_par' dir='ltr' id='par_1_5' title="bbox 1075 670 1855 909">
     <span class='ocr_line' id='line_1_20' title="bbox 1075 670 1854 735; baseline 0.003 -15"><span class='ocrx_word' id='word_1_138' title='bbox 1075 672 1140 735; x_wconf 85' lang='lat' dir='ltr'>iopsa</span> <span class='ocrx_word' id='word_1_139' title='bbox 1149 676 1218 731; x_wconf 89' lang='lat' dir='ltr'>sont,</span> <span class='ocrx_word' id='word_1_140' title='bbox 1228 672 1339 721; x_wconf 87' lang='lat' dir='ltr'>continue</span> <span class='ocrx_word' id='word_1_141' title='bbox 1347 670 1490 733; x_wconf 80' lang='lat' dir='ltr'>gaudebant.</span> <span class='ocrx_word' id='word_1_142' title='bbox 1525 674 1668 721; x_wconf 85' lang='lat' dir='ltr'>iioeautem</span> <span class='ocrx_word' id='word_1_143' title='bbox 1680 673 1745 722; x_wconf 86' lang='lat' dir='ltr'>rictu</span> <span class='ocrx_word' id='word_1_144' title='bbox 1763 686 1854 734; x_wconf 80' lang='lat' dir='ltr'>pernu-</span> 
     </span>
     <span class='ocr_line' id='line_1_21' title="bbox 1075 758 1855 821; baseline 0.001 -14"><span class='ocrx_word' id='word_1_145' title='bbox 1075 772 1119 807; x_wconf 91' lang='lat' dir='ltr'>uos</span> <span class='ocrx_word' id='word_1_146' title='bbox 1135 759 1288 821; x_wconf 77' lang='lat' dir='ltr'>qnadraginta</span> <span class='ocrx_word' id='word_1_147' title='bbox 1303 760 1420 820; x_wconf 88' lang='lat' dir='ltr'>usisuut,</span> <span class='ocrx_word' id='word_1_148' title='bbox 1435 758 1550 821; x_wconf 81' lang='lat' dir='ltr'>quamdiu</span> <span class='ocrx_word' id='word_1_149' title='bbox 1567 760 1670 809; x_wconf 82' lang='lat' dir='ltr'>scilicet</span> <span class='ocrx_word' id='word_1_150' title='bbox 1687 760 1712 808; x_wconf 90' lang='lat' dir='ltr'>iu</span> <span class='ocrx_word' id='word_1_151' title='bbox 1730 760 1855 809; x_wconf 76' lang='lat' dir='ltr'><strong>solitudine</strong></span> 
     </span>
     <span class='ocr_line' id='line_1_22' title="bbox 1076 846 1777 909; baseline -0.001 -12"><span class='ocrx_word' id='word_1_152' title='bbox 1076 852 1263 909; x_wconf 82' lang='lat' dir='ltr'>permenserunt.</span> <span class='ocrx_word' id='word_1_153' title='bbox 1775 846 1777 849; x_wconf 79' lang='grc'><strong>’</strong></span> 
     </span>
    </p>

    <p class='ocr_par' dir='ltr' id='par_1_6' title="bbox 1076 918 1862 1383">
     <span class='ocr_line' id='line_1_23' title="bbox 1106 918 1859 997; baseline -0.004 -12"><span class='ocrx_word' id='word_1_154' title='bbox 1106 940 1130 985; x_wconf 88' lang='grc'>7.</span> <span class='ocrx_word' id='word_1_155' title='bbox 1147 939 1227 993; x_wconf 85' lang='lat' dir='ltr'>Quum</span> <span class='ocrx_word' id='word_1_156' title='bbox 1244 946 1300 984; x_wconf 84' lang='lat' dir='ltr'>roro</span> <span class='ocrx_word' id='word_1_157' title='bbox 1317 935 1372 984; x_wconf 88' lang='lat' dir='ltr'>inde</span> <span class='ocrx_word' id='word_1_158' title='bbox 1383 935 1510 997; x_wconf 76' lang='lat' dir='ltr'>migrantes</span> <span class='ocrx_word' id='word_1_159' title='bbox 1528 918 1648 997; x_wconf 80' lang='lat' dir='ltr'>Rapiridin</span> <span class='ocrx_word' id='word_1_160' title='bbox 1667 935 1807 993; x_wconf 82' lang='lat' dir='ltr'>venissent,</span> <span class='ocrx_word' id='word_1_161' title='bbox 1821 937 1859 988; x_wconf 74' lang='lat' dir='ltr'>siti</span> 
     </span>
     <span class='ocr_line' id='line_1_24' title="bbox 1076 1030 1861 1094; baseline -0.003 -15"><span class='ocrx_word' id='word_1_162' title='bbox 1076 1034 1183 1079; x_wconf 84' lang='lat' dir='ltr'>extrema</span> <span class='ocrx_word' id='word_1_163' title='bbox 1193 1030 1345 1091; x_wconf 73' lang='lat' dir='ltr'><strong>laborantes,</strong></span> <span class='ocrx_word' id='word_1_164' title='bbox 1357 1030 1422 1094; x_wconf 87' lang='lat' dir='ltr'>quod</span> <span class='ocrx_word' id='word_1_165' title='bbox 1432 1030 1622 1093; x_wconf 66' lang='lat' dir='ltr'>procedentibus</span> <span class='ocrx_word' id='word_1_166' title='bbox 1634 1030 1725 1079; x_wconf 88' lang='lat' dir='ltr'>diebus</span> <span class='ocrx_word' id='word_1_167' title='bbox 1733 1030 1758 1078; x_wconf 89' lang='lat' dir='ltr'>iu</span> <span class='ocrx_word' id='word_1_168' title='bbox 1766 1032 1861 1092; x_wconf 84' lang='lat' dir='ltr'>paucis-</span> 
     </span>
     <span class='ocr_line' id='line_1_25' title="bbox 1077 1116 1861 1186; baseline -0.001 -13"><span class='ocrx_word' id='word_1_169' title='bbox 1077 1125 1150 1174; x_wconf 85' lang='lat' dir='ltr'>simos</span> <span class='ocrx_word' id='word_1_170' title='bbox 1160 1116 1237 1174; x_wconf 70' lang='lat' dir='ltr'>ionm&#39;a</span> <span class='ocrx_word' id='word_1_171' title='bbox 1245 1124 1383 1185; x_wconf 78' lang='lat' dir='ltr'>inciderint,</span> <span class='ocrx_word' id='word_1_172' title='bbox 1394 1129 1418 1173; x_wconf 93' lang='lat' dir='ltr'>et</span> <span class='ocrx_word' id='word_1_173' title='bbox 1430 1128 1488 1173; x_wconf 88' lang='lat' dir='ltr'>tuno</span> <span class='ocrx_word' id='word_1_174' title='bbox 1498 1124 1585 1173; x_wconf 87' lang='lat' dir='ltr'>siccam</span> <span class='ocrx_word' id='word_1_175' title='bbox 1595 1124 1699 1173; x_wconf 88' lang='lat' dir='ltr'>omnino</span> <span class='ocrx_word' id='word_1_176' title='bbox 1710 1128 1736 1173; x_wconf 90' lang='lat' dir='ltr'>et</span> <span class='ocrx_word' id='word_1_177' title='bbox 1744 1138 1861 1186; x_wconf 86' lang='lat' dir='ltr'>aquarum</span> 
     </span>
     <span class='ocr_line' id='line_1_26' title="bbox 1077 1221 1860 1284; baseline -0.004 -14"><span class='ocrx_word' id='word_1_178' title='bbox 1077 1226 1197 1284; x_wconf 82' lang='lat' dir='ltr'>expertem</span> <span class='ocrx_word' id='word_1_179' title='bbox 1219 1221 1351 1271; x_wconf 79' lang='lat' dir='ltr'>invenerint</span> <span class='ocrx_word' id='word_1_180' title='bbox 1370 1223 1471 1281; x_wconf 84' lang='lat' dir='ltr'>terram,</span> <span class='ocrx_word' id='word_1_181' title='bbox 1500 1221 1525 1269; x_wconf 92' lang='lat' dir='ltr'>iu</span> <span class='ocrx_word' id='word_1_182' title='bbox 1543 1222 1611 1269; x_wconf 89' lang='lat' dir='ltr'>maiis</span> <span class='ocrx_word' id='word_1_183' title='bbox 1632 1234 1689 1271; x_wconf 88' lang='lat' dir='ltr'>esse</span> <span class='ocrx_word' id='word_1_184' title='bbox 1707 1228 1833 1283; x_wconf 83' lang='lat' dir='ltr'>coeperont</span> <span class='ocrx_word' id='word_1_185' title='bbox 1854 1237 1860 1267; x_wconf 91' lang='lat'>:</span> 
     </span>
     <span class='ocr_line' id='line_1_27' title="bbox 1078 1316 1862 1383; baseline -0.003 -18"><span class='ocrx_word' id='word_1_186' title='bbox 1078 1329 1221 1377; x_wconf 85' lang='lat' dir='ltr'>rursumque</span> <span class='ocrx_word' id='word_1_187' title='bbox 1235 1318 1294 1365; x_wconf 89' lang='lat' dir='ltr'>iram</span> <span class='ocrx_word' id='word_1_188' title='bbox 1310 1316 1335 1365; x_wconf 89' lang='lat' dir='ltr'>in</span> <span class='ocrx_word' id='word_1_189' title='bbox 1354 1320 1452 1379; x_wconf 78' lang='lat' dir='ltr'><strong>Moysen</strong></span> <span class='ocrx_word' id='word_1_190' title='bbox 1468 1316 1649 1383; x_wconf 78' lang='lat' dir='ltr'>mnrertebant.</span> <span class='ocrx_word' id='word_1_191' title='bbox 1709 1317 1862 1376; x_wconf 74' lang='lat' dir='ltr'>dicantem,</span> 
     </span>
    </p>
   </div>
   <div class='ocr_carea' id='block_1_6' title="bbox 1011 1405 1862 1467">
    <p class='ocr_par' dir='ltr' id='par_1_7' title="bbox 1011 1405 1862 1467">
     <span class='ocr_line' id='line_1_28' title="bbox 1011 1405 1862 1467; baseline -0.004 -11"><span class='ocrx_word' id='word_1_192' title='bbox 1011 1444 1025 1457; x_wconf 90' lang='lat'>.</span> <span class='ocrx_word' id='word_1_193' title='bbox 1079 1405 1238 1454; x_wconf 87' lang='lat' dir='ltr'>multitudinis</span> <span class='ocrx_word' id='word_1_194' title='bbox 1264 1406 1355 1467; x_wconf 87' lang='lat' dir='ltr'>impetu</span> <span class='ocrx_word' id='word_1_195' title='bbox 1379 1405 1420 1453; x_wconf 81' lang='lat' dir='ltr'>rix</span> <span class='ocrx_word' id='word_1_196' title='bbox 1439 1406 1541 1466; x_wconf 77' lang='grc' dir='ltr'>ετίῑοῑο,</span> <span class='ocrx_word' id='word_1_197' title='bbox 1560 1405 1591 1454; x_wconf 87' lang='lat' dir='ltr'>ad</span> <span class='ocrx_word' id='word_1_198' title='bbox 1609 1410 1692 1455; x_wconf 81' lang='grc' dir='ltr'>Βειιιιι</span> <span class='ocrx_word' id='word_1_199' title='bbox 1716 1406 1862 1467; x_wconf 86' lang='lat' dir='ltr'>precandum</span> 
     </span>
    </p>
   </div>
   <div class='ocr_carea' id='block_1_7' title="bbox 1079 1499 1864 2020">
    <p class='ocr_par' dir='ltr' id='par_1_8' title="bbox 1079 1499 1864 2020">
     <span class='ocr_line' id='line_1_29' title="bbox 1079 1499 1863 1563; baseline -0.001 -15"><span class='ocrx_word' id='word_1_200' title='bbox 1079 1513 1106 1549; x_wconf 90' lang='lat' dir='ltr'>se</span> <span class='ocrx_word' id='word_1_201' title='bbox 1114 1500 1226 1560; x_wconf 87' lang='lat' dir='ltr'>contulit,</span> <span class='ocrx_word' id='word_1_202' title='bbox 1239 1500 1367 1548; x_wconf 74' lang='lat' dir='ltr'>obsecrans</span> <span class='ocrx_word' id='word_1_203' title='bbox 1377 1502 1405 1547; x_wconf 91' lang='lat' dir='ltr'>ut</span> <span class='ocrx_word' id='word_1_204' title='bbox 1415 1500 1456 1563; x_wconf 86' lang='lat' dir='ltr'>qui</span> <span class='ocrx_word' id='word_1_205' title='bbox 1472 1499 1562 1548; x_wconf 88' lang='lat' dir='ltr'>rictum</span> <span class='ocrx_word' id='word_1_206' title='bbox 1574 1499 1620 1549; x_wconf 90' lang='lat' dir='ltr'>iliis</span> <span class='ocrx_word' id='word_1_207' title='bbox 1630 1499 1656 1548; x_wconf 93' lang='lat' dir='ltr'>in</span> <span class='ocrx_word' id='word_1_208' title='bbox 1667 1502 1778 1560; x_wconf 74' lang='lat' dir='ltr'>egestate</span> <span class='ocrx_word' id='word_1_209' title='bbox 1791 1499 1863 1547; x_wconf 87' lang='lat' dir='ltr'>dede·</span> 
     </span>
     <span class='ocr_line' id='line_1_30' title="bbox 1079 1592 1864 1656; baseline -0.003 -15"><span class='ocrx_word' id='word_1_210' title='bbox 1079 1598 1125 1655; x_wconf 89' lang='lat' dir='ltr'>rat,</span> <span class='ocrx_word' id='word_1_211' title='bbox 1135 1598 1226 1642; x_wconf 82' lang='lat' dir='ltr'>urrnoet</span> <span class='ocrx_word' id='word_1_212' title='bbox 1233 1598 1314 1656; x_wconf 85' lang='lat' dir='ltr'>potum</span> <span class='ocrx_word' id='word_1_213' title='bbox 1322 1593 1398 1655; x_wconf 66' lang='lat' dir='ltr'>largiri</span> <span class='ocrx_word' id='word_1_214' title='bbox 1405 1593 1550 1654; x_wconf 79' lang='lat' dir='ltr'>dignaretur,</span> <span class='ocrx_word' id='word_1_215' title='bbox 1559 1606 1635 1655; x_wconf 82' lang='lat' dir='ltr'>quom</span> <span class='ocrx_word' id='word_1_216' title='bbox 1645 1592 1816 1655; x_wconf 81' lang='lat' dir='ltr'>periretapud</span> <span class='ocrx_word' id='word_1_217' title='bbox 1825 1605 1864 1639; x_wconf 82' lang='lat' dir='ltr'>eos</span> 
     </span>
     <span class='ocr_line' id='line_1_31' title="bbox 1080 1681 1862 1745; baseline -0.001 -13"><span class='ocrx_word' id='word_1_218' title='bbox 1080 1684 1151 1733; x_wconf 88' lang='lat' dir='ltr'>ctiam</span> <span class='ocrx_word' id='word_1_219' title='bbox 1160 1684 1208 1732; x_wconf 89' lang='lat' dir='ltr'>cibi</span> <span class='ocrx_word' id='word_1_220' title='bbox 1218 1683 1305 1745; x_wconf 79' lang='lat' dir='ltr'>gratia,</span> <span class='ocrx_word' id='word_1_221' title='bbox 1317 1684 1337 1732; x_wconf 91' lang='lat' dir='ltr'>si</span> <span class='ocrx_word' id='word_1_222' title='bbox 1350 1689 1422 1745; x_wconf 89' lang='lat' dir='ltr'>potus</span> <span class='ocrx_word' id='word_1_223' title='bbox 1431 1683 1550 1733; x_wconf 77' lang='lat' dir='ltr'>deiiceret.</span> <span class='ocrx_word' id='word_1_224' title='bbox 1582 1687 1607 1732; x_wconf 89' lang='lat' dir='ltr'>is</span> <span class='ocrx_word' id='word_1_225' title='bbox 1618 1696 1678 1732; x_wconf 83' lang='lat' dir='ltr'>vero</span> <span class='ocrx_word' id='word_1_226' title='bbox 1689 1696 1738 1730; x_wconf 90' lang='lat' dir='ltr'>uon</span> <span class='ocrx_word' id='word_1_227' title='bbox 1747 1681 1789 1730; x_wconf 90' lang='lat' dir='ltr'>diu</span> <span class='ocrx_word' id='word_1_228' title='bbox 1803 1682 1862 1731; x_wconf 83' lang='lat' dir='ltr'>boui·</span> 
     </span>
     <span class='ocr_line' id='line_1_32' title="bbox 1080 1771 1860 1837; baseline -0.005 -15"><span class='ocrx_word' id='word_1_229' title='bbox 1080 1774 1193 1835; x_wconf 84' lang='lat' dir='ltr'>gnitatem</span> <span class='ocrx_word' id='word_1_230' title='bbox 1203 1788 1271 1823; x_wconf 88' lang='lat' dir='ltr'>suam</span> <span class='ocrx_word' id='word_1_231' title='bbox 1281 1775 1373 1824; x_wconf 75' lang='lat' dir='ltr'>distulit</span> <span class='ocrx_word' id='word_1_232' title='bbox 1384 1790 1390 1823; x_wconf 92' lang='lat'>:</span> <span class='ocrx_word' id='word_1_233' title='bbox 1402 1774 1445 1823; x_wconf 84' lang='lat' dir='ltr'>sod</span> <span class='ocrx_word' id='word_1_234' title='bbox 1460 1775 1536 1835; x_wconf 81' lang='lat' dir='ltr'>Moysi</span> <span class='ocrx_word' id='word_1_235' title='bbox 1559 1774 1687 1837; x_wconf 82' lang='lat' dir='ltr'>pollicetur</span> <span class='ocrx_word' id='word_1_236' title='bbox 1707 1773 1797 1821; x_wconf 86' lang='lat' dir='ltr'>iontem</span> <span class='ocrx_word' id='word_1_237' title='bbox 1816 1771 1860 1819; x_wconf 86' lang='lat' dir='ltr'>iliis</span> 
     </span>
     <span class='ocr_line' id='line_1_33' title="bbox 1081 1864 1860 1929; baseline -0.005 -14"><span class='ocrx_word' id='word_1_238' title='bbox 1081 1867 1226 1917; x_wconf 72' lang='lat' dir='ltr'>exoriturum</span> <span class='ocrx_word' id='word_1_239' title='bbox 1236 1880 1288 1916; x_wconf 88' lang='lat' dir='ltr'>esse</span> <span class='ocrx_word' id='word_1_240' title='bbox 1297 1872 1322 1915; x_wconf 94' lang='lat' dir='ltr'>et</span> <span class='ocrx_word' id='word_1_241' title='bbox 1332 1880 1447 1929; x_wconf 88' lang='lat' dir='ltr'>aquarum</span> <span class='ocrx_word' id='word_1_242' title='bbox 1461 1864 1645 1924; x_wconf 89' lang='lat' dir='ltr'>abundantiam,</span> <span class='ocrx_word' id='word_1_243' title='bbox 1658 1864 1725 1913; x_wconf 91' lang='lat' dir='ltr'>unde</span> <span class='ocrx_word' id='word_1_244' title='bbox 1736 1864 1860 1912; x_wconf 90' lang='lat' dir='ltr'>minimum</span> 
     </span>
     <span class='ocr_line' id='line_1_34' title="bbox 1081 1956 1860 2020; baseline -0.008 -13"><span class='ocrx_word' id='word_1_245' title='bbox 1081 1962 1210 2020; x_wconf 77' lang='lat' dir='ltr'>sperarent.</span> <span class='ocrx_word' id='word_1_246' title='bbox 1228 1961 1289 2007; x_wconf 83' lang='lat' dir='ltr'>Tum</span> <span class='ocrx_word' id='word_1_247' title='bbox 1300 1958 1369 2019; x_wconf 86' lang='lat' dir='ltr'>jubet</span> <span class='ocrx_word' id='word_1_248' title='bbox 1379 1961 1407 2006; x_wconf 92' lang='lat' dir='ltr'>ut</span> <span class='ocrx_word' id='word_1_249' title='bbox 1416 1958 1481 2018; x_wconf 81' lang='lat' dir='ltr'>virga</span> <span class='ocrx_word' id='word_1_250' title='bbox 1492 1956 1571 2006; x_wconf 85' lang='lat' dir='ltr'>ieriret</span> <span class='ocrx_word' id='word_1_251' title='bbox 1588 1960 1683 2019; x_wconf 85' lang='lat' dir='ltr'>petram</span> <span class='ocrx_word' id='word_1_252' title='bbox 1698 1956 1722 2004; x_wconf 91' lang='lat' dir='ltr'>in</span> <span class='ocrx_word' id='word_1_253' title='bbox 1735 1959 1860 2017; x_wconf 84' lang='lat' dir='ltr'>conspeetu</span> 
     </span>
    </p>
   </div>
   <div class='ocr_carea' id='block_1_8' title="bbox 1081 2044 1860 3828">
    <p class='ocr_par' dir='ltr' id='par_1_9' title="bbox 1081 2044 1860 3828">
     <span class='ocr_line' id='line_1_35' title="bbox 1081 2044 1859 2109; baseline -0.006 -13"><span class='ocrx_word' id='word_1_254' title='bbox 1081 2048 1166 2108; x_wconf 86' lang='lat' dir='ltr'>sitam,</span> <span class='ocrx_word' id='word_1_255' title='bbox 1182 2053 1206 2095; x_wconf 89' lang='lat' dir='ltr'>et</span> <span class='ocrx_word' id='word_1_256' title='bbox 1225 2046 1279 2096; x_wconf 90' lang='lat' dir='ltr'>inde</span> <span class='ocrx_word' id='word_1_257' title='bbox 1293 2047 1384 2109; x_wconf 83' lang='lat' dir='ltr'>copiam</span> <span class='ocrx_word' id='word_1_258' title='bbox 1402 2047 1454 2108; x_wconf 80' lang='lat' dir='ltr'>eius</span> <span class='ocrx_word' id='word_1_259' title='bbox 1469 2051 1574 2095; x_wconf 87' lang='lat' dir='ltr'>sumeret</span> <span class='ocrx_word' id='word_1_260' title='bbox 1591 2045 1661 2107; x_wconf 84' lang='lat' dir='ltr'>qrrod</span> <span class='ocrx_word' id='word_1_261' title='bbox 1678 2044 1859 2094; x_wconf 85' lang='lat' dir='ltr'>desiderabant:</span> 
     </span>
     <span class='ocr_line' id='line_1_36' title="bbox 1083 2134 1860 2200; baseline -0.009 -12"><span class='ocrx_word' id='word_1_262' title='bbox 1083 2152 1157 2200; x_wconf 77' lang='lat' dir='ltr'>seque</span> <span class='ocrx_word' id='word_1_263' title='bbox 1175 2139 1248 2187; x_wconf 88' lang='lat' dir='ltr'>etiam</span> <span class='ocrx_word' id='word_1_264' title='bbox 1267 2143 1405 2187; x_wconf 83' lang='lat' dir='ltr'>curaturum</span> <span class='ocrx_word' id='word_1_265' title='bbox 1422 2143 1454 2186; x_wconf 92' lang='lat' dir='ltr'>ut.</span> <span class='ocrx_word' id='word_1_266' title='bbox 1468 2138 1520 2186; x_wconf 89' lang='lat' dir='ltr'>sine</span> <span class='ocrx_word' id='word_1_267' title='bbox 1536 2138 1616 2186; x_wconf 82' lang='lat' dir='ltr'>labore</span> <span class='ocrx_word' id='word_1_268' title='bbox 1635 2142 1661 2185; x_wconf 89' lang='lat' dir='ltr'>et</span> <span class='ocrx_word' id='word_1_269' title='bbox 1681 2136 1796 2185; x_wconf 80' lang='lat' dir='ltr'>exercitio</span> <span class='ocrx_word' id='word_1_270' title='bbox 1815 2134 1860 2182; x_wconf 88' lang='lat' dir='ltr'>iliis</span> 
     </span>
     <span class='ocr_line' id='line_1_37' title="bbox 1083 2226 1858 2291; baseline -0.012 -12"><span class='ocrx_word' id='word_1_271' title='bbox 1083 2231 1196 2279; x_wconf 89' lang='lat' dir='ltr'>aiiiuerct.</span> <span class='ocrx_word' id='word_1_272' title='bbox 1230 2233 1336 2291; x_wconf 79' lang='lat' dir='ltr'>Moyses,</span> <span class='ocrx_word' id='word_1_273' title='bbox 1347 2243 1423 2291; x_wconf 85' lang='lat' dir='ltr'>quum</span> <span class='ocrx_word' id='word_1_274' title='bbox 1434 2229 1486 2277; x_wconf 77' lang='lat' dir='ltr'>itanc</span> <span class='ocrx_word' id='word_1_275' title='bbox 1496 2242 1510 2277; x_wconf 86' lang='lat' dir='ltr'>e</span> <span class='ocrx_word' id='word_1_276' title='bbox 1521 2233 1570 2278; x_wconf 83' lang='lat' dir='ltr'>beo</span> <span class='ocrx_word' id='word_1_277' title='bbox 1582 2228 1729 2291; x_wconf 86' lang='lat' dir='ltr'>accepisset,</span> <span class='ocrx_word' id='word_1_278' title='bbox 1738 2226 1858 2276; x_wconf 75' lang='lat' dir='ltr'>revertitur</span> 
     </span>
     <span class='ocr_line' id='line_1_38' title="bbox 1083 2315 1859 2383; baseline -0.008 -15"><span class='ocrx_word' id='word_1_279' title='bbox 1083 2320 1112 2369; x_wconf 86' lang='lat' dir='ltr'>nd</span> <span class='ocrx_word' id='word_1_280' title='bbox 1119 2320 1242 2383; x_wconf 87' lang='lat' dir='ltr'>poputum,</span> <span class='ocrx_word' id='word_1_281' title='bbox 1249 2319 1424 2381; x_wconf 75' lang='lat' dir='ltr'>exspectatione</span> <span class='ocrx_word' id='word_1_282' title='bbox 1429 2332 1569 2381; x_wconf 85' lang='lat' dir='ltr'>suspensum</span> <span class='ocrx_word' id='word_1_283' title='bbox 1575 2320 1599 2367; x_wconf 88' lang='lat' dir='ltr'>et</span> <span class='ocrx_word' id='word_1_284' title='bbox 1608 2318 1639 2367; x_wconf 85' lang='lat' dir='ltr'>ad</span> <span class='ocrx_word' id='word_1_285' title='bbox 1649 2319 1730 2380; x_wconf 87' lang='lat' dir='ltr'>ipsum</span> <span class='ocrx_word' id='word_1_286' title='bbox 1739 2315 1859 2377; x_wconf 80' lang='lat' dir='ltr'>respicien-</span> 
     </span>
     <span class='ocr_line' id='line_1_39' title="bbox 1084 2407 1857 2473; baseline -0.006 -14"><span class='ocrx_word' id='word_1_287' title='bbox 1084 2418 1132 2460; x_wconf 87' lang='lat' dir='ltr'>tem</span> <span class='ocrx_word' id='word_1_288' title='bbox 1143 2426 1149 2459; x_wconf 90' lang='lat'>:</span> <span class='ocrx_word' id='word_1_289' title='bbox 1160 2413 1208 2471; x_wconf 80' lang='lat' dir='ltr'>jam</span> <span class='ocrx_word' id='word_1_290' title='bbox 1221 2412 1285 2460; x_wconf 83' lang='lat' dir='ltr'>enim</span> <span class='ocrx_word' id='word_1_291' title='bbox 1295 2424 1350 2460; x_wconf 89' lang='lat' dir='ltr'>enm</span> <span class='ocrx_word' id='word_1_292' title='bbox 1359 2413 1529 2473; x_wconf 84' lang='lat' dir='ltr'>conspexerant</span> <span class='ocrx_word' id='word_1_293' title='bbox 1540 2410 1661 2471; x_wconf 87' lang='lat' dir='ltr'>especuin</span> <span class='ocrx_word' id='word_1_294' title='bbox 1671 2422 1753 2470; x_wconf 82' lang='lat' dir='ltr'>gressu</span> <span class='ocrx_word' id='word_1_295' title='bbox 1766 2407 1857 2456; x_wconf 87' lang='lat' dir='ltr'>incitato</span> 
     </span>
     <span class='ocr_line' id='line_1_40' title="bbox 1085 2500 1858 2561; baseline -0.009 -9"><span class='ocrx_word' id='word_1_296' title='bbox 1085 2502 1277 2552; x_wconf 83' lang='lat' dir='ltr'>descendentem.</span> <span class='ocrx_word' id='word_1_297' title='bbox 1309 2506 1342 2551; x_wconf 87' lang='lat' dir='ltr'>Ut</span> <span class='ocrx_word' id='word_1_298' title='bbox 1349 2503 1428 2561; x_wconf 81' lang='lat' dir='ltr'>teuit,</span> <span class='ocrx_word' id='word_1_299' title='bbox 1439 2501 1517 2550; x_wconf 90' lang='lat' dir='ltr'>aiebat</span> <span class='ocrx_word' id='word_1_300' title='bbox 1525 2504 1603 2550; x_wconf 89' lang='lat' dir='ltr'>Deum</span> <span class='ocrx_word' id='word_1_301' title='bbox 1613 2514 1644 2550; x_wconf 83' lang='lat' dir='ltr'>ex</span> <span class='ocrx_word' id='word_1_302' title='bbox 1653 2500 1699 2549; x_wconf 85' lang='lat' dir='ltr'>lrac</span> <span class='ocrx_word' id='word_1_303' title='bbox 1706 2500 1777 2550; x_wconf 88' lang='lat' dir='ltr'>etiam</span> <span class='ocrx_word' id='word_1_304' title='bbox 1786 2511 1858 2546; x_wconf 88' lang='lat' dir='ltr'>neces·</span> 
     </span>
     <span class='ocr_line' id='line_1_41' title="bbox 1085 2588 1854 2652; baseline -0.01 -11"><span class='ocrx_word' id='word_1_305' title='bbox 1085 2592 1154 2641; x_wconf 87' lang='lat' dir='ltr'>sitate</span> <span class='ocrx_word' id='word_1_306' title='bbox 1163 2605 1204 2640; x_wconf 88' lang='lat' dir='ltr'>eos</span> <span class='ocrx_word' id='word_1_307' title='bbox 1220 2592 1334 2651; x_wconf 85' lang='lat' dir='ltr'>liberare,</span> <span class='ocrx_word' id='word_1_308' title='bbox 1347 2590 1518 2652; x_wconf 83' lang='lat' dir='ltr'>dignatumque</span> <span class='ocrx_word' id='word_1_309' title='bbox 1527 2602 1579 2639; x_wconf 83' lang='lat' dir='ltr'>esse</span> <span class='ocrx_word' id='word_1_310' title='bbox 1589 2590 1668 2638; x_wconf 85' lang='lat' dir='ltr'>sairrte</span> <span class='ocrx_word' id='word_1_311' title='bbox 1680 2590 1749 2651; x_wconf 84' lang='lat' dir='ltr'>piane</span> <span class='ocrx_word' id='word_1_312' title='bbox 1759 2588 1854 2650; x_wconf 89' lang='lat' dir='ltr'>inspera-</span> 
     </span>
     <span class='ocr_line' id='line_1_42' title="bbox 1086 2657 1852 2742; baseline -0.007 -14"><span class='ocrx_word' id='word_1_313' title='bbox 1086 2686 1123 2740; x_wconf 88' lang='lat' dir='ltr'>ta;</span> <span class='ocrx_word' id='word_1_314' title='bbox 1138 2680 1237 2728; x_wconf 85' lang='lat' dir='ltr'>bovium</span> <span class='ocrx_word' id='word_1_315' title='bbox 1249 2679 1279 2728; x_wconf 91' lang='lat' dir='ltr'>de</span> <span class='ocrx_word' id='word_1_316' title='bbox 1291 2684 1356 2742; x_wconf 87' lang='lat' dir='ltr'>petra</span> <span class='ocrx_word' id='word_1_317' title='bbox 1368 2680 1415 2728; x_wconf 85' lang='lat' dir='ltr'>iilis</span> <span class='ocrx_word' id='word_1_318' title='bbox 1428 2657 1597 2742; x_wconf 74' lang='lat' dir='ltr'>prorupturum</span> <span class='ocrx_word' id='word_1_319' title='bbox 1614 2692 1669 2728; x_wconf 89' lang='lat' dir='ltr'>esse</span> <span class='ocrx_word' id='word_1_320' title='bbox 1687 2678 1778 2727; x_wconf 89' lang='lat' dir='ltr'>dicens.</span> <span class='ocrx_word' id='word_1_321' title='bbox 1809 2677 1852 2732; x_wconf 87' lang='lat' dir='ltr'>Qui</span> 
     </span>
     <span class='ocr_line' id='line_1_43' title="bbox 1086 2766 1853 2833; baseline -0.007 -15"><span class='ocrx_word' id='word_1_322' title='bbox 1086 2782 1162 2833; x_wconf 89' lang='lat' dir='ltr'>quum</span> <span class='ocrx_word' id='word_1_323' title='bbox 1172 2769 1209 2821; x_wconf 88' lang='lat' dir='ltr'>bis</span> <span class='ocrx_word' id='word_1_324' title='bbox 1220 2768 1307 2817; x_wconf 90' lang='lat' dir='ltr'>auditis</span> <span class='ocrx_word' id='word_1_325' title='bbox 1318 2769 1508 2831; x_wconf 81' lang='lat' dir='ltr'>obstupuissent,</span> <span class='ocrx_word' id='word_1_326' title='bbox 1518 2769 1538 2817; x_wconf 89' lang='lat' dir='ltr'>si</span> <span class='ocrx_word' id='word_1_327' title='bbox 1552 2768 1592 2817; x_wconf 92' lang='lat' dir='ltr'>siti</span> <span class='ocrx_word' id='word_1_328' title='bbox 1603 2775 1628 2818; x_wconf 91' lang='lat' dir='ltr'>et</span> <span class='ocrx_word' id='word_1_329' title='bbox 1637 2768 1761 2818; x_wconf 88' lang='lat' dir='ltr'>itineribus</span> <span class='ocrx_word' id='word_1_330' title='bbox 1774 2766 1853 2815; x_wconf 85' lang='lat' dir='ltr'>misere</span> 
     </span>
     <span class='ocr_line' id='line_1_44' title="bbox 1086 2858 1852 2921; baseline -0.01 -12"><span class='ocrx_word' id='word_1_331' title='bbox 1086 2860 1160 2909; x_wconf 83' lang='lat' dir='ltr'>attriti</span> <span class='ocrx_word' id='word_1_332' title='bbox 1169 2872 1265 2909; x_wconf 85' lang='lat' dir='ltr'>necesse</span> <span class='ocrx_word' id='word_1_333' title='bbox 1276 2858 1401 2908; x_wconf 81' lang='lat' dir='ltr'>imbuerint</span> <span class='ocrx_word' id='word_1_334' title='bbox 1412 2859 1483 2907; x_wconf 92' lang='lat' dir='ltr'>etiam</span> <span class='ocrx_word' id='word_1_335' title='bbox 1493 2862 1583 2921; x_wconf 84' lang='lat' dir='ltr'>petram</span> <span class='ocrx_word' id='word_1_336' title='bbox 1595 2858 1752 2912; x_wconf 76' lang='lat' dir='ltr'>exscindere,</span> <span class='ocrx_word' id='word_1_337' title='bbox 1764 2860 1852 2917; x_wconf 78' lang='lat' dir='ltr'>Moyses</span> 
     </span>
     <span class='ocr_line' id='line_1_45' title="bbox 1087 2930 1854 3013; baseline -0.012 -13"><span class='ocrx_word' id='word_1_338' title='bbox 1087 2958 1111 3001; x_wconf 89' lang='lat' dir='ltr'>et</span> <span class='ocrx_word' id='word_1_339' title='bbox 1122 2952 1188 3013; x_wconf 80' lang='lat' dir='ltr'>virga</span> <span class='ocrx_word' id='word_1_340' title='bbox 1197 2964 1254 3000; x_wconf 83' lang='lat' dir='ltr'>eam</span> <span class='ocrx_word' id='word_1_341' title='bbox 1266 2950 1381 3013; x_wconf 89' lang='lat' dir='ltr'>percutit,</span> <span class='ocrx_word' id='word_1_342' title='bbox 1393 2930 1613 3012; x_wconf 41' lang='lat' dir='ltr'>caqne&#39;debiscente</span> <span class='ocrx_word' id='word_1_343' title='bbox 1622 2950 1703 3011; x_wconf 86' lang='lat' dir='ltr'>erupit</span> <span class='ocrx_word' id='word_1_344' title='bbox 1713 2962 1773 3011; x_wconf 84' lang='lat' dir='ltr'>aqua</span> <span class='ocrx_word' id='word_1_345' title='bbox 1783 2946 1854 3007; x_wconf 90' lang='lat' dir='ltr'>copio-</span> 
     </span>
     <span class='ocr_line' id='line_1_46' title="bbox 1087 3036 1854 3103; baseline -0.014 -13"><span class='ocrx_word' id='word_1_346' title='bbox 1087 3042 1180 3090; x_wconf 85' lang='lat' dir='ltr'>sissima</span> <span class='ocrx_word' id='word_1_347' title='bbox 1194 3044 1219 3089; x_wconf 90' lang='lat' dir='ltr'>et</span> <span class='ocrx_word' id='word_1_348' title='bbox 1229 3039 1405 3103; x_wconf 83' lang='lat' dir='ltr'>limpidissima.</span> <span class='ocrx_word' id='word_1_349' title='bbox 1436 3039 1473 3089; x_wconf 87' lang='lat' dir='ltr'>liii</span> <span class='ocrx_word' id='word_1_350' title='bbox 1488 3051 1544 3087; x_wconf 81' lang='lat' dir='ltr'>tero</span> <span class='ocrx_word' id='word_1_351' title='bbox 1561 3040 1593 3088; x_wconf 87' lang='lat' dir='ltr'>rei</span> <span class='ocrx_word' id='word_1_352' title='bbox 1607 3040 1736 3102; x_wconf 73' lang='lat' dir='ltr'>inopinatae</span> <span class='ocrx_word' id='word_1_353' title='bbox 1758 3036 1854 3085; x_wconf 75' lang='lat' dir='ltr'>nouitate</span> 
     </span>
     <span class='ocr_line' id='line_1_47' title="bbox 1087 3122 1852 3194; baseline -0.013 -15"><span class='ocrx_word' id='word_1_354' title='bbox 1087 3131 1187 3194; x_wconf 89' lang='lat' dir='ltr'>perculsi</span> <span class='ocrx_word' id='word_1_355' title='bbox 1212 3134 1281 3189; x_wconf 89' lang='lat' dir='ltr'>sunt,</span> <span class='ocrx_word' id='word_1_356' title='bbox 1307 3134 1331 3179; x_wconf 88' lang='lat' dir='ltr'>et</span> <span class='ocrx_word' id='word_1_357' title='bbox 1355 3130 1386 3178; x_wconf 88' lang='lat' dir='ltr'>ad</span> <span class='ocrx_word' id='word_1_358' title='bbox 1412 3134 1534 3191; x_wconf 89' lang='lat' dir='ltr'>aspectum</span> <span class='ocrx_word' id='word_1_359' title='bbox 1557 3131 1606 3189; x_wconf 86' lang='lat' dir='ltr'>jam</span> <span class='ocrx_word' id='word_1_360' title='bbox 1630 3130 1707 3192; x_wconf 87' lang='lat' dir='ltr'>ipsius</span> <span class='ocrx_word' id='word_1_361' title='bbox 1730 3128 1791 3176; x_wconf 89' lang='lat' dir='ltr'>sitim</span> <span class='ocrx_word' id='word_1_362' title='bbox 1812 3122 1852 3171; x_wconf 91' lang='lat' dir='ltr'>sibi</span> 
     </span>
     <span class='ocr_line' id='line_1_48' title="bbox 1088 3217 1853 3281; baseline -0.016 -10"><span class='ocrx_word' id='word_1_363' title='bbox 1088 3222 1193 3271; x_wconf 83' lang='lat' dir='ltr'>sedatam</span> <span class='ocrx_word' id='word_1_364' title='bbox 1219 3234 1271 3270; x_wconf 88' lang='lat' dir='ltr'>csse</span> <span class='ocrx_word' id='word_1_365' title='bbox 1295 3219 1455 3269; x_wconf 86' lang='lat' dir='ltr'>sentiebant:</span> <span class='ocrx_word' id='word_1_366' title='bbox 1475 3232 1503 3267; x_wconf 89' lang='lat' dir='ltr'>ao</span> <span class='ocrx_word' id='word_1_367' title='bbox 1526 3219 1663 3269; x_wconf 87' lang='lat' dir='ltr'>bibentibus</span> <span class='ocrx_word' id='word_1_368' title='bbox 1684 3217 1812 3281; x_wconf 84' lang='lat' dir='ltr'>jucundum</span> <span class='ocrx_word' id='word_1_369' title='bbox 1828 3226 1853 3260; x_wconf 85' lang='lat' dir='ltr'>ae</span> 
     </span>
     <span class='ocr_line' id='line_1_49' title="bbox 1088 3308 1848 3373; baseline -0.013 -12"><span class='ocrx_word' id='word_1_370' title='bbox 1088 3312 1170 3373; x_wconf 91' lang='lat' dir='ltr'>doice,</span> <span class='ocrx_word' id='word_1_371' title='bbox 1186 3316 1210 3361; x_wconf 87' lang='lat' dir='ltr'>et</span> <span class='ocrx_word' id='word_1_372' title='bbox 1228 3311 1299 3373; x_wconf 86' lang='lat' dir='ltr'>quaie</span> <span class='ocrx_word' id='word_1_373' title='bbox 1313 3311 1357 3360; x_wconf 84' lang='lat' dir='ltr'>Dei</span> <span class='ocrx_word' id='word_1_374' title='bbox 1377 3323 1465 3359; x_wconf 89' lang='lat' dir='ltr'>munus</span> <span class='ocrx_word' id='word_1_375' title='bbox 1485 3323 1537 3358; x_wconf 88' lang='lat' dir='ltr'>esse</span> <span class='ocrx_word' id='word_1_376' title='bbox 1554 3308 1668 3371; x_wconf 87' lang='lat' dir='ltr'>decebat,</span> <span class='ocrx_word' id='word_1_377' title='bbox 1692 3309 1802 3357; x_wconf 79' lang='lat' dir='ltr'>boeotum</span> <span class='ocrx_word' id='word_1_378' title='bbox 1813 3316 1848 3363; x_wconf 88' lang='lat' dir='ltr'>ap·</span> 
     </span>
     <span class='ocr_line' id='line_1_50' title="bbox 1089 3396 1853 3464; baseline -0.017 -11"><span class='ocrx_word' id='word_1_379' title='bbox 1089 3404 1174 3464; x_wconf 81' lang='lat' dir='ltr'>paruit.</span> <span class='ocrx_word' id='word_1_380' title='bbox 1234 3406 1333 3463; x_wconf 83' lang='lat' dir='ltr'>Moysen</span> <span class='ocrx_word' id='word_1_381' title='bbox 1365 3402 1445 3464; x_wconf 83' lang='lat' dir='ltr'>itaque</span> <span class='ocrx_word' id='word_1_382' title='bbox 1473 3402 1498 3450; x_wconf 90' lang='lat' dir='ltr'>in</span> <span class='ocrx_word' id='word_1_383' title='bbox 1529 3400 1685 3450; x_wconf 74' lang='lat' dir='ltr'>admiratione</span> <span class='ocrx_word' id='word_1_384' title='bbox 1717 3396 1853 3450; x_wconf 86' lang='lat' dir='ltr'>babuerunt,</span> 
     </span>
     <span class='ocr_line' id='line_1_51' title="bbox 1089 3483 1853 3557; baseline -0.018 -14"><span class='ocrx_word' id='word_1_385' title='bbox 1089 3496 1172 3557; x_wconf 86' lang='lat' dir='ltr'>utpote</span> <span class='ocrx_word' id='word_1_386' title='bbox 1183 3507 1197 3542; x_wconf 89' lang='lat' dir='ltr'>a</span> <span class='ocrx_word' id='word_1_387' title='bbox 1211 3496 1263 3543; x_wconf 88' lang='lat' dir='ltr'>Deo</span> <span class='ocrx_word' id='word_1_388' title='bbox 1271 3493 1331 3541; x_wconf 88' lang='lat' dir='ltr'>adeo</span> <span class='ocrx_word' id='word_1_389' title='bbox 1343 3493 1497 3551; x_wconf 89' lang='lat' dir='ltr'>bonoratum;</span> <span class='ocrx_word' id='word_1_390' title='bbox 1513 3495 1652 3554; x_wconf 82' lang='lat' dir='ltr'>Deumque,</span> <span class='ocrx_word' id='word_1_391' title='bbox 1662 3489 1726 3553; x_wconf 82' lang='lat' dir='ltr'>qrrod</span> <span class='ocrx_word' id='word_1_392' title='bbox 1737 3492 1807 3536; x_wconf 77' lang='lat' dir='ltr'>unte</span> <span class='ocrx_word' id='word_1_393' title='bbox 1821 3483 1853 3531; x_wconf 91' lang='lat' dir='ltr'>iiii</span> 
     </span>
     <span class='ocr_line' id='line_1_52' title="bbox 1088 3573 1853 3645; baseline -0.016 -11"><span class='ocrx_word' id='word_1_394' title='bbox 1088 3598 1152 3634; x_wconf 78' lang='grc' dir='ltr'>ουτω</span> <span class='ocrx_word' id='word_1_395' title='bbox 1174 3584 1276 3645; x_wconf 74' lang='lat' dir='ltr'>iruerint,</span> <span class='ocrx_word' id='word_1_396' title='bbox 1298 3582 1419 3632; x_wconf 81' lang='lat' dir='ltr'>sacrificiis</span> <span class='ocrx_word' id='word_1_397' title='bbox 1435 3583 1624 3631; x_wconf 81' lang='lat' dir='ltr'>remunerarent</span> <span class='ocrx_word' id='word_1_398' title='bbox 1661 3580 1767 3631; x_wconf 81' lang='lat' dir='ltr'>Desierat</span> <span class='ocrx_word' id='word_1_399' title='bbox 1778 3573 1853 3624; x_wconf 83' lang='lat' dir='ltr'>¹autern</span> 
     </span>
     <span class='ocr_line' id='line_1_53' title="bbox 1088 3664 1853 3737; baseline -0.014 -12"><span class='ocrx_word' id='word_1_400' title='bbox 1088 3688 1154 3725; x_wconf 83' lang='grc' dir='ltr'>οεοτε</span> <span class='ocrx_word' id='word_1_401' title='bbox 1161 3676 1276 3737; x_wconf 84' lang='lat' dir='ltr'>scriptura</span> <span class='ocrx_word' id='word_1_402' title='bbox 1287 3676 1312 3723; x_wconf 90' lang='lat' dir='ltr'>in</span> <span class='ocrx_word' id='word_1_403' title='bbox 1323 3674 1411 3736; x_wconf 89' lang='lat' dir='ltr'>tempto</span> <span class='ocrx_word' id='word_1_404' title='bbox 1424 3673 1539 3736; x_wconf 86' lang='lat' dir='ltr'>reposita,</span> <span class='ocrx_word' id='word_1_405' title='bbox 1547 3676 1623 3722; x_wconf 80' lang='grc' dir='ltr'>ὓευω</span> <span class='ocrx_word' id='word_1_406' title='bbox 1631 3672 1768 3736; x_wconf 69' lang='lat' dir='ltr'>praestitisse</span> <span class='ocrx_word' id='word_1_407' title='bbox 1774 3664 1853 3725; x_wconf 71' lang='lat' dir='ltr'>ittotai,</span> 
     </span>
     <span class='ocr_line' id='line_1_54' title="bbox 1088 3758 1770 3828; baseline -0.009 -11"><span class='ocrx_word' id='word_1_408' title='bbox 1088 3782 1115 3817; x_wconf 88' lang='lat' dir='ltr'>se</span> <span class='ocrx_word' id='word_1_409' title='bbox 1126 3768 1172 3817; x_wconf 91' lang='lat' dir='ltr'>boc</span> <span class='ocrx_word' id='word_1_410' title='bbox 1181 3767 1251 3816; x_wconf 92' lang='lat' dir='ltr'>modo</span> <span class='ocrx_word' id='word_1_411' title='bbox 1264 3778 1339 3828; x_wconf 86' lang='lat' dir='ltr'>aquas</span> <span class='ocrx_word' id='word_1_412' title='bbox 1352 3764 1588 3827; x_wconf 87' lang='lat' dir='ltr'>erupeeiiciturum.</span> <span class='ocrx_word' id='word_1_413' title='bbox 1767 3758 1770 3763; x_wconf 82' lang='grc'>’</span> 
     </span>
    </p>
   </div>
   <div class='ocr_carea' id='block_1_9' title="bbox 1375 3902 1549 3961">
    <p class='ocr_par' dir='ltr' id='par_1_10' title="bbox 1375 3902 1549 3961">
     <span class='ocr_line' id='line_1_55' title="bbox 1375 3902 1549 3961; baseline 0.011 -3"><span class='ocrx_word' id='word_1_414' title='bbox 1375 3907 1379 3914; x_wconf 85' lang='grc'>’</span> <span class='ocrx_word' id='word_1_415' title='bbox 1409 3902 1490 3959; x_wconf 75' lang='lat' dir='ltr'>etp,</span> <span class='ocrx_word' id='word_1_416' title='bbox 1512 3902 1549 3961; x_wconf 90' lang='grc' dir='ltr'>ΙΙ.</span> 
     </span>
    </p>
   </div>
   <div class='ocr_carea' id='block_1_10' title="bbox 168 2045 1045 3871">
    <p class='ocr_par' dir='ltr' id='par_1_11' title="bbox 168 2045 1045 3871">
     <span class='ocr_line' id='line_1_56' title="bbox 260 2045 1037 2134; baseline 0.004 -26"><span class='ocrx_word' id='word_1_417' title='bbox 260 2049 353 2126; x_wconf 81' lang='grc' dir='ltr'>μένην,</span> <span class='ocrx_word' id='word_1_418' title='bbox 368 2052 430 2130; x_wconf 90' lang='grc' dir='ltr'>παρ’</span> <span class='ocrx_word' id='word_1_419' title='bbox 442 2053 520 2121; x_wconf 77' lang='grc' dir='ltr'>αὐτῆς</span> <span class='ocrx_word' id='word_1_420' title='bbox 533 2051 678 2127; x_wconf 83' lang='grc' dir='ltr'>λοιμθάνειν</span> <span class='ocrx_word' id='word_1_421' title='bbox 689 2052 736 2125; x_wconf 79' lang='grc' dir='ltr'>τήν</span> <span class='ocrx_word' id='word_1_422' title='bbox 752 2056 872 2134; x_wconf 81' lang='grc' dir='ltr'>εὐπορίαν</span> <span class='ocrx_word' id='word_1_423' title='bbox 881 2045 917 2113; x_wconf 78' lang='grc' dir='ltr'>ῶν</span> <span class='ocrx_word' id='word_1_424' title='bbox 927 2053 1037 2113; x_wconf 84' lang='grc' dir='ltr'>δέονται·</span> 
     </span>
     <span class='ocr_line' id='line_1_57' title="bbox 260 2135 1040 2220; baseline 0.003 -25"><span class='ocrx_word' id='word_1_425' title='bbox 260 2136 401 2215; x_wconf 79' lang='grc' dir='ltr'>φροντίζειν</span> <span class='ocrx_word' id='word_1_426' title='bbox 414 2135 465 2216; x_wconf 85' lang='grc' dir='ltr'>γάρ</span> <span class='ocrx_word' id='word_1_427' title='bbox 479 2137 523 2195; x_wconf 83' lang='grc' dir='ltr'>καί</span> <span class='ocrx_word' id='word_1_428' title='bbox 544 2144 588 2195; x_wconf 87' lang='grc' dir='ltr'>τοῦ</span> <span class='ocrx_word' id='word_1_429' title='bbox 609 2137 645 2215; x_wconf 87' lang='grc' dir='ltr'>μὴ</span> <span class='ocrx_word' id='word_1_430' title='bbox 665 2137 711 2197; x_wconf 82' lang='grc' dir='ltr'>σῦν</span> <span class='ocrx_word' id='word_1_431' title='bbox 725 2138 796 2220; x_wconf 89' lang='grc' dir='ltr'>πόνῳ</span> <span class='ocrx_word' id='word_1_432' title='bbox 811 2143 872 2218; x_wconf 88' lang='grc' dir='ltr'>μηδ’</span> <span class='ocrx_word' id='word_1_433' title='bbox 887 2140 995 2220; x_wconf 75' lang='grc' dir='ltr'>ἐργασία</span> <span class='ocrx_word' id='word_1_434' title='bbox 1010 2140 1040 2198; x_wconf 85' lang='grc' dir='ltr'>τὸ</span> 
     </span>
     <span class='ocr_line' id='line_1_58' title="bbox 260 2222 1039 2301; baseline 0.008 -22"><span class='ocrx_word' id='word_1_435' title='bbox 260 2222 341 2281; x_wconf 78' lang='grc' dir='ltr'>ποτόν</span> <span class='ocrx_word' id='word_1_436' title='bbox 362 2226 447 2289; x_wconf 89' lang='grc' dir='ltr'>αὐτοῖς</span> <span class='ocrx_word' id='word_1_437' title='bbox 464 2228 585 2301; x_wconf 75' lang='grc' dir='ltr'>φανῆναι.</span> <span class='ocrx_word' id='word_1_438' title='bbox 630 2225 681 2285; x_wconf 86' lang='grc' dir='ltr'>Καλ</span> <span class='ocrx_word' id='word_1_439' title='bbox 702 2229 833 2298; x_wconf 83' lang='grc' dir='ltr'>Μωῦοῆς,</span> <span class='ocrx_word' id='word_1_440' title='bbox 847 2234 930 2286; x_wconf 90' lang='grc' dir='ltr'>ταῦτα</span> <span class='ocrx_word' id='word_1_441' title='bbox 949 2226 1039 2287; x_wconf 68' lang='lat' dir='ltr'>tesbi</span> 
     </span>
     <span class='ocr_line' id='line_1_59' title="bbox 221 2308 1040 2393; baseline 0.004 -26"><span class='ocrx_word' id='word_1_442' title='bbox 221 2330 249 2367; x_wconf 79' lang='lat' dir='ltr'>ao</span> <span class='ocrx_word' id='word_1_443' title='bbox 263 2308 336 2391; x_wconf 85' lang='grc' dir='ltr'>παρά</span> <span class='ocrx_word' id='word_1_444' title='bbox 344 2315 389 2368; x_wconf 88' lang='grc' dir='ltr'>τοῦ</span> <span class='ocrx_word' id='word_1_445' title='bbox 396 2314 477 2385; x_wconf 84' lang='grc' dir='ltr'>Θεοῦ,</span> <span class='ocrx_word' id='word_1_446' title='bbox 486 2310 724 2391; x_wconf 83' lang='grc' dir='ltr'>παραγίνεταιπρδς</span> <span class='ocrx_word' id='word_1_447' title='bbox 732 2314 776 2371; x_wconf 85' lang='grc' dir='ltr'>τὸν</span> <span class='ocrx_word' id='word_1_448' title='bbox 787 2314 859 2387; x_wconf 86' lang='grc' dir='ltr'>λαὸν,</span> <span class='ocrx_word' id='word_1_449' title='bbox 868 2313 1040 2393; x_wconf 80' lang='grc' dir='ltr'>περιμένοντα</span> 
     </span>
     <span class='ocr_line' id='line_1_60' title="bbox 258 2396 1041 2479; baseline 0.009 -27"><span class='ocrx_word' id='word_1_450' title='bbox 258 2396 309 2453; x_wconf 84' lang='grc' dir='ltr'>καλ</span> <span class='ocrx_word' id='word_1_451' title='bbox 329 2397 363 2463; x_wconf 81' lang='grc' dir='ltr'>τίς</span> <span class='ocrx_word' id='word_1_452' title='bbox 383 2396 460 2453; x_wconf 89' lang='grc' dir='ltr'>αὐτὸν</span> <span class='ocrx_word' id='word_1_453' title='bbox 481 2398 625 2475; x_wconf 87' lang='grc' dir='ltr'>ἀφορῶντα·</span> <span class='ocrx_word' id='word_1_454' title='bbox 647 2398 692 2456; x_wconf 88' lang='grc' dir='ltr'>καί</span> <span class='ocrx_word' id='word_1_455' title='bbox 712 2398 762 2479; x_wconf 87' lang='grc' dir='ltr'>γδρ</span> <span class='ocrx_word' id='word_1_456' title='bbox 782 2400 832 2472; x_wconf 88' lang='grc' dir='ltr'>ήδη</span> <span class='ocrx_word' id='word_1_457' title='bbox 848 2400 893 2458; x_wconf 82' lang='grc' dir='ltr'>καὶ</span> <span class='ocrx_word' id='word_1_458' title='bbox 918 2400 1041 2479; x_wconf 77' lang='grc' dir='ltr'>ἐθεώρουν</span> 
     </span>
     <span class='ocr_line' id='line_1_61' title="bbox 262 2480 1041 2564; baseline 0.005 -25"><span class='ocrx_word' id='word_1_459' title='bbox 262 2482 341 2541; x_wconf 83' lang='grc' dir='ltr'>αὐτὸν</span> <span class='ocrx_word' id='word_1_460' title='bbox 356 2482 408 2540; x_wconf 83' lang='grc' dir='ltr'>ἀπὸ</span> <span class='ocrx_word' id='word_1_461' title='bbox 422 2486 468 2553; x_wconf 77' lang='grc' dir='ltr'>τῆς</span> <span class='ocrx_word' id='word_1_462' title='bbox 484 2488 582 2553; x_wconf 81' lang='grc' dir='ltr'>σκοπῆς</span> <span class='ocrx_word' id='word_1_463' title='bbox 595 2484 754 2564; x_wconf 85' lang='grc' dir='ltr'>δρμάιμενον.</span> <span class='ocrx_word' id='word_1_464' title='bbox 796 2485 841 2553; x_wconf 90' lang='grc' dir='ltr'>Ὡς</span> <span class='ocrx_word' id='word_1_465' title='bbox 858 2487 882 2543; x_wconf 89' lang='grc' dir='ltr'>δ’</span> <span class='ocrx_word' id='word_1_466' title='bbox 890 2480 962 2558; x_wconf 69' lang='grc' dir='ltr'>ἧκεν,</span> <span class='ocrx_word' id='word_1_467' title='bbox 976 2490 1041 2544; x_wconf 93' lang='grc' dir='ltr'>ἀπο-</span> 
     </span>
     <span class='ocr_line' id='line_1_62' title="bbox 168 2566 1041 2650; baseline 0.002 -24"><span class='ocrx_word' id='word_1_468' title='bbox 168 2612 169 2615; x_wconf 23' lang='lat'><em>*</em></span> <span class='ocrx_word' id='word_1_469' title='bbox 260 2569 333 2631; x_wconf 86' lang='grc' dir='ltr'>λύειν</span> <span class='ocrx_word' id='word_1_470' title='bbox 346 2566 437 2634; x_wconf 78' lang='grc' dir='ltr'>αὐτούς</span> <span class='ocrx_word' id='word_1_471' title='bbox 447 2569 492 2627; x_wconf 84' lang='grc' dir='ltr'>καί</span> <span class='ocrx_word' id='word_1_472' title='bbox 504 2569 598 2640; x_wconf 86' lang='grc' dir='ltr'>ταύτης</span> <span class='ocrx_word' id='word_1_473' title='bbox 612 2575 658 2641; x_wconf 80' lang='grc' dir='ltr'>τῆς</span> <span class='ocrx_word' id='word_1_474' title='bbox 673 2571 787 2650; x_wconf 76' lang='grc' dir='ltr'>ἀνάγκης</span> <span class='ocrx_word' id='word_1_475' title='bbox 806 2572 891 2650; x_wconf 84' lang='grc' dir='ltr'>ἔλεγεν</span> <span class='ocrx_word' id='word_1_476' title='bbox 905 2573 948 2630; x_wconf 84' lang='grc' dir='ltr'>τὸν</span> <span class='ocrx_word' id='word_1_477' title='bbox 963 2572 1041 2644; x_wconf 83' lang='grc' dir='ltr'>Θεὸν,</span> 
     </span>
     <span class='ocr_line' id='line_1_63' title="bbox 263 2655 1042 2737; baseline 0.004 -21"><span class='ocrx_word' id='word_1_478' title='bbox 263 2657 309 2716; x_wconf 85' lang='grc' dir='ltr'>καί</span> <span class='ocrx_word' id='word_1_479' title='bbox 330 2655 484 2735; x_wconf 78' lang='grc' dir='ltr'>κεχαρίσθαι</span> <span class='ocrx_word' id='word_1_480' title='bbox 511 2656 641 2737; x_wconf 86' lang='grc' dir='ltr'>σωτηρίαν</span> <span class='ocrx_word' id='word_1_481' title='bbox 665 2660 719 2716; x_wconf 87' lang='grc' dir='ltr'>οὐδ’</span> <span class='ocrx_word' id='word_1_482' title='bbox 746 2661 920 2730; x_wconf 83' lang='grc' dir='ltr'>ἐλπισθεῖσαν,</span> <span class='ocrx_word' id='word_1_483' title='bbox 940 2662 971 2719; x_wconf 86' lang='grc' dir='ltr'>ἐκ</span> <span class='ocrx_word' id='word_1_484' title='bbox 995 2664 1042 2729; x_wconf 74' lang='grc' dir='ltr'>τῆς</span> 
     </span>
     <span class='ocr_line' id='line_1_64' title="bbox 224 2742 1041 2825; baseline 0.004 -23"><span class='ocrx_word' id='word_1_485' title='bbox 224 2763 250 2802; x_wconf 74' lang='grc' dir='ltr'>τε</span> <span class='ocrx_word' id='word_1_486' title='bbox 263 2742 359 2823; x_wconf 80' lang='grc' dir='ltr'>πέτρας</span> <span class='ocrx_word' id='word_1_487' title='bbox 380 2742 496 2819; x_wconf 86' lang='grc' dir='ltr'>ποταμὸν</span> <span class='ocrx_word' id='word_1_488' title='bbox 519 2746 603 2810; x_wconf 84' lang='grc' dir='ltr'>αὐτοῖς</span> <span class='ocrx_word' id='word_1_489' title='bbox 629 2744 768 2825; x_wconf 73' lang='grc' dir='ltr'>ῥυήσεσθαι</span> <span class='ocrx_word' id='word_1_490' title='bbox 792 2747 885 2825; x_wconf 89' lang='grc' dir='ltr'>λέγων.</span> <span class='ocrx_word' id='word_1_491' title='bbox 931 2750 993 2807; x_wconf 78' lang='grc' dir='ltr'>’Τῶν</span> <span class='ocrx_word' id='word_1_492' title='bbox 1013 2746 1041 2805; x_wconf 82' lang='grc' dir='ltr'>δέ</span> 
     </span>
     <span class='ocr_line' id='line_1_65' title="bbox 263 2828 1043 2914; baseline 0.003 -26"><span class='ocrx_word' id='word_1_493' title='bbox 263 2830 327 2910; x_wconf 79' lang='grc' dir='ltr'>πρὸς</span> <span class='ocrx_word' id='word_1_494' title='bbox 340 2828 387 2900; x_wconf 82' lang='grc' dir='ltr'>τήν</span> <span class='ocrx_word' id='word_1_495' title='bbox 402 2830 481 2900; x_wconf 81' lang='grc' dir='ltr'>ἀκοήν</span> <span class='ocrx_word' id='word_1_496' title='bbox 500 2832 734 2909; x_wconf 82' lang='grc' dir='ltr'>καταπλαγέντων,</span> <span class='ocrx_word' id='word_1_497' title='bbox 750 2836 772 2891; x_wconf 84' lang='grc' dir='ltr'>εἰ</span> <span class='ocrx_word' id='word_1_498' title='bbox 792 2833 844 2891; x_wconf 82' lang='grc' dir='ltr'>ὑπό</span> <span class='ocrx_word' id='word_1_499' title='bbox 859 2856 888 2891; x_wconf 88' lang='grc' dir='ltr'>τε</span> <span class='ocrx_word' id='word_1_500' title='bbox 898 2839 944 2893; x_wconf 91' lang='grc' dir='ltr'>τοῦ</span> <span class='ocrx_word' id='word_1_501' title='bbox 955 2832 1043 2914; x_wconf 78' lang='grc' dir='ltr'>δίψους</span> 
     </span>
     <span class='ocr_line' id='line_1_66' title="bbox 264 2915 1043 2999; baseline 0.004 -24"><span class='ocrx_word' id='word_1_502' title='bbox 264 2915 370 2987; x_wconf 75' lang='grc' dir='ltr'>καὶτῆς</span> <span class='ocrx_word' id='word_1_503' title='bbox 387 2916 530 2997; x_wconf 80' lang='grc' dir='ltr'>ὁδοιπορίας</span> <span class='ocrx_word' id='word_1_504' title='bbox 546 2918 815 2999; x_wconf 84' lang='grc' dir='ltr'>τεταλαιπωρημένοις</span> <span class='ocrx_word' id='word_1_505' title='bbox 829 2919 928 2997; x_wconf 78' lang='grc' dir='ltr'>ἀνάγκη</span> <span class='ocrx_word' id='word_1_506' title='bbox 945 2918 1043 2998; x_wconf 86' lang='grc' dir='ltr'>γένοιτο</span> 
     </span>
     <span class='ocr_line' id='line_1_67' title="bbox 262 3006 1044 3087; baseline 0 -21"><span class='ocrx_word' id='word_1_507' title='bbox 262 3006 370 3071; x_wconf 73' lang='grc' dir='ltr'>κόπτειν</span> <span class='ocrx_word' id='word_1_508' title='bbox 383 3006 431 3079; x_wconf 78' lang='grc' dir='ltr'>τήν</span> <span class='ocrx_word' id='word_1_509' title='bbox 451 3006 559 3087; x_wconf 84' lang='grc' dir='ltr'>πέτραν,</span> <span class='ocrx_word' id='word_1_510' title='bbox 575 3012 589 3065; x_wconf 85' lang='grc' dir='ltr'>θ</span> <span class='ocrx_word' id='word_1_511' title='bbox 605 3010 721 3077; x_wconf 61' lang='lat' dir='ltr'>Mardoi&lt;</span> <span class='ocrx_word' id='word_1_512' title='bbox 734 3007 842 3077; x_wconf 88' lang='grc' dir='ltr'>πλήττει</span> <span class='ocrx_word' id='word_1_513' title='bbox 855 3030 883 3065; x_wconf 89' lang='grc' dir='ltr'>τε</span> <span class='ocrx_word' id='word_1_514' title='bbox 898 3012 930 3086; x_wconf 80' lang='grc' dir='ltr'>τῇ</span> <span class='ocrx_word' id='word_1_515' title='bbox 945 3012 1044 3087; x_wconf 88' lang='grc' dir='ltr'>βακτη-</span> 
     </span>
     <span class='ocr_line' id='line_1_68' title="bbox 268 3092 1043 3176; baseline 0 -23"><span class='ocrx_word' id='word_1_516' title='bbox 268 3093 378 3176; x_wconf 80' lang='grc' dir='ltr'>ρίφι,καί</span> <span class='ocrx_word' id='word_1_517' title='bbox 391 3092 522 3173; x_wconf 86' lang='grc' dir='ltr'>χανούσης</span> <span class='ocrx_word' id='word_1_518' title='bbox 535 3092 668 3161; x_wconf 78' lang='grc' dir='ltr'>ἐξέόλυσεν</span> <span class='ocrx_word' id='word_1_519' title='bbox 679 3094 747 3173; x_wconf 87' lang='grc' dir='ltr'>ύδωρ</span> <span class='ocrx_word' id='word_1_520' title='bbox 761 3092 827 3151; x_wconf 86' lang='grc' dir='ltr'>πολύ</span> <span class='ocrx_word' id='word_1_521' title='bbox 837 3094 881 3152; x_wconf 82' lang='grc' dir='ltr'>καί</span> <span class='ocrx_word' id='word_1_522' title='bbox 892 3094 1043 3171; x_wconf 85' lang='grc' dir='ltr'>διαυγέστα-</span> 
     </span>
     <span class='ocr_line' id='line_1_69' title="bbox 226 3178 1044 3260; baseline -0.001 -22"><span class='ocrx_word' id='word_1_523' title='bbox 226 3202 252 3239; x_wconf 85' lang='lat' dir='ltr'>ao</span> <span class='ocrx_word' id='word_1_524' title='bbox 266 3205 320 3243; x_wconf 89' lang='grc' dir='ltr'>τον.</span> <span class='ocrx_word' id='word_1_525' title='bbox 362 3184 397 3241; x_wconf 88' lang='lat' dir='ltr'>Oi</span> <span class='ocrx_word' id='word_1_526' title='bbox 405 3178 433 3239; x_wconf 85' lang='grc' dir='ltr'>δέ</span> <span class='ocrx_word' id='word_1_527' title='bbox 439 3184 476 3260; x_wconf 82' lang='grc' dir='ltr'>τῷ</span> <span class='ocrx_word' id='word_1_528' title='bbox 486 3180 624 3260; x_wconf 78' lang='grc' dir='ltr'>παραδόξῳ</span> <span class='ocrx_word' id='word_1_529' title='bbox 635 3187 679 3239; x_wconf 90' lang='grc' dir='ltr'>τοῦ</span> <span class='ocrx_word' id='word_1_530' title='bbox 689 3180 821 3257; x_wconf 87' lang='grc' dir='ltr'>γεγονότος</span> <span class='ocrx_word' id='word_1_531' title='bbox 830 3181 1044 3258; x_wconf 87' lang='grc' dir='ltr'>κατεπλάγησαν,</span> 
     </span>
     <span class='ocr_line' id='line_1_70' title="bbox 265 3266 1045 3349; baseline -0.005 -20"><span class='ocrx_word' id='word_1_532' title='bbox 265 3269 312 3329; x_wconf 83' lang='grc' dir='ltr'>καλ</span> <span class='ocrx_word' id='word_1_533' title='bbox 325 3267 389 3349; x_wconf 83' lang='grc' dir='ltr'>ιτρθς</span> <span class='ocrx_word' id='word_1_534' title='bbox 399 3266 446 3339; x_wconf 77' lang='grc' dir='ltr'>τήν</span> <span class='ocrx_word' id='word_1_535' title='bbox 464 3266 521 3349; x_wconf 73' lang='grc' dir='ltr'>ὄψιν</span> <span class='ocrx_word' id='word_1_536' title='bbox 535 3268 585 3340; x_wconf 88' lang='grc' dir='ltr'>ήδη</span> <span class='ocrx_word' id='word_1_537' title='bbox 602 3267 631 3325; x_wconf 82' lang='grc' dir='ltr'>τὸ</span> <span class='ocrx_word' id='word_1_538' title='bbox 646 3270 716 3349; x_wconf 78' lang='grc' dir='ltr'>δίψος</span> <span class='ocrx_word' id='word_1_539' title='bbox 734 3270 819 3333; x_wconf 90' lang='grc' dir='ltr'>αὐτοῖς</span> <span class='ocrx_word' id='word_1_540' title='bbox 830 3266 930 3343; x_wconf 78' lang='grc' dir='ltr'>ἔληγεν·</span> <span class='ocrx_word' id='word_1_541' title='bbox 945 3267 1045 3326; x_wconf 79' lang='grc' dir='ltr'>καλπί-</span> 
     </span>
     <span class='ocr_line' id='line_1_71' title="bbox 266 3346 1045 3431; baseline -0.003 -17"><span class='ocrx_word' id='word_1_542' title='bbox 266 3378 353 3414; x_wconf 90' lang='grc' dir='ltr'>νουσιν</span> <span class='ocrx_word' id='word_1_543' title='bbox 364 3353 413 3425; x_wconf 81' lang='grc' dir='ltr'>ήδύ</span> <span class='ocrx_word' id='word_1_544' title='bbox 428 3354 473 3413; x_wconf 85' lang='grc' dir='ltr'>καλ</span> <span class='ocrx_word' id='word_1_545' title='bbox 485 3352 566 3431; x_wconf 83' lang='grc' dir='ltr'>γλυκὺ</span> <span class='ocrx_word' id='word_1_546' title='bbox 580 3354 609 3411; x_wconf 86' lang='grc' dir='ltr'>τὸ</span> <span class='ocrx_word' id='word_1_547' title='bbox 625 3364 708 3430; x_wconf 78' lang='grc' dir='ltr'>νᾶμα,</span> <span class='ocrx_word' id='word_1_548' title='bbox 722 3346 825 3411; x_wconf 69' lang='lat' dir='ltr'>asisino</span> <span class='ocrx_word' id='word_1_549' title='bbox 838 3353 869 3411; x_wconf 88' lang='grc' dir='ltr'>ἀν</span> <span class='ocrx_word' id='word_1_550' title='bbox 880 3354 919 3425; x_wconf 85' lang='grc' dir='ltr'>εἴη</span> <span class='ocrx_word' id='word_1_551' title='bbox 932 3356 1001 3414; x_wconf 85' lang='grc' dir='ltr'>Θεοῦ</span> <span class='ocrx_word' id='word_1_552' title='bbox 1015 3356 1045 3412; x_wconf 84' lang='grc' dir='ltr'>τὸ</span> 
     </span>
     <span class='ocr_line' id='line_1_72' title="bbox 261 3432 1045 3524; baseline -0.004 -23"><span class='ocrx_word' id='word_1_553' title='bbox 261 3444 349 3524; x_wconf 61' lang='grc' dir='ltr'>»δῶρον</span> <span class='ocrx_word' id='word_1_554' title='bbox 363 3442 448 3509; x_wconf 92' lang='grc' dir='ltr'>δόντος</span> <span class='ocrx_word' id='word_1_555' title='bbox 462 3442 588 3523; x_wconf 86' lang='grc' dir='ltr'>ἐφαίνετο.</span> <span class='ocrx_word' id='word_1_556' title='bbox 629 3441 724 3502; x_wconf 57' lang='grc' dir='ltr'>Τόνιτι</span> <span class='ocrx_word' id='word_1_557' title='bbox 738 3432 781 3499; x_wconf 84' lang='grc' dir='ltr'>οῦν</span> <span class='ocrx_word' id='word_1_558' title='bbox 800 3444 917 3513; x_wconf 77' lang='grc' dir='ltr'>Μωϋσῆν</span> <span class='ocrx_word' id='word_1_559' title='bbox 934 3441 1045 3519; x_wconf 83' lang='grc' dir='ltr'>ἐθαύμα·</span> 
     </span>
     <span class='ocr_line' id='line_1_73' title="bbox 267 3528 1045 3606; baseline -0.001 -18"><span class='ocrx_word' id='word_1_560' title='bbox 267 3533 309 3598; x_wconf 83' lang='grc' dir='ltr'>ζον</span> <span class='ocrx_word' id='word_1_561' title='bbox 320 3528 400 3597; x_wconf 90' lang='grc' dir='ltr'>οὐτως</span> <span class='ocrx_word' id='word_1_562' title='bbox 411 3529 461 3588; x_wconf 83' lang='grc' dir='ltr'>ὐπὸ</span> <span class='ocrx_word' id='word_1_563' title='bbox 470 3536 516 3588; x_wconf 91' lang='grc' dir='ltr'>τοῦ</span> <span class='ocrx_word' id='word_1_564' title='bbox 524 3534 594 3591; x_wconf 84' lang='grc' dir='ltr'>Θεοῦ</span> <span class='ocrx_word' id='word_1_565' title='bbox 606 3530 784 3605; x_wconf 88' lang='grc' dir='ltr'>τετιμημένον,</span> <span class='ocrx_word' id='word_1_566' title='bbox 799 3530 844 3587; x_wconf 82' lang='grc' dir='ltr'>καί</span> <span class='ocrx_word' id='word_1_567' title='bbox 857 3530 954 3596; x_wconf 91' lang='grc' dir='ltr'>θυσίαις</span> <span class='ocrx_word' id='word_1_568' title='bbox 968 3530 1045 3606; x_wconf 84' lang='grc' dir='ltr'>ἠμεί-</span> 
     </span>
     <span class='ocr_line' id='line_1_74' title="bbox 228 3614 1045 3697; baseline -0.001 -22"><span class='ocrx_word' id='word_1_569' title='bbox 228 3614 345 3675; x_wconf 63' lang='lat' dir='ltr'>odoro</span> <span class='ocrx_word' id='word_1_570' title='bbox 360 3615 408 3687; x_wconf 77' lang='grc' dir='ltr'>τήν</span> <span class='ocrx_word' id='word_1_571' title='bbox 422 3622 466 3675; x_wconf 90' lang='grc' dir='ltr'>τοῦ</span> <span class='ocrx_word' id='word_1_572' title='bbox 482 3617 552 3675; x_wconf 91' lang='grc' dir='ltr'>Θεοῦ</span> <span class='ocrx_word' id='word_1_573' title='bbox 565 3616 626 3695; x_wconf 84' lang='grc' dir='ltr'>περὶ</span> <span class='ocrx_word' id='word_1_574' title='bbox 642 3614 733 3682; x_wconf 81' lang='grc' dir='ltr'>αὐτοὺς</span> <span class='ocrx_word' id='word_1_575' title='bbox 749 3614 879 3697; x_wconf 88' lang='grc' dir='ltr'>πρόνοιαν.</span> <span class='ocrx_word' id='word_1_576' title='bbox 921 3618 1004 3689; x_wconf 86' lang='grc' dir='ltr'>Δηλοῖ</span> <span class='ocrx_word' id='word_1_577' title='bbox 1018 3614 1045 3674; x_wconf 84' lang='grc' dir='ltr'>δέ</span> 
     </span>
     <span class='ocr_line' id='line_1_75' title="bbox 267 3700 1044 3784; baseline 0 -23"><span class='ocrx_word' id='word_1_578' title='bbox 267 3706 294 3761; x_wconf 88' lang='grc' dir='ltr'>ἐν</span> <span class='ocrx_word' id='word_1_579' title='bbox 302 3707 339 3784; x_wconf 80' lang='grc' dir='ltr'>τῷ</span> <span class='ocrx_word' id='word_1_580' title='bbox 344 3706 405 3784; x_wconf 82' lang='grc' dir='ltr'>ίερῷ</span> <span class='ocrx_word' id='word_1_581' title='bbox 412 3702 566 3780; x_wconf 82' lang='grc' dir='ltr'>ἀνακειμένη</span> <span class='ocrx_word' id='word_1_582' title='bbox 572 3700 658 3783; x_wconf 83' lang='grc' dir='ltr'>γραφή</span> <span class='ocrx_word' id='word_1_583' title='bbox 668 3702 711 3761; x_wconf 80' lang='grc' dir='ltr'>τὸν</span> <span class='ocrx_word' id='word_1_584' title='bbox 721 3701 790 3763; x_wconf 82' lang='grc' dir='ltr'>Θεὸν</span> <span class='ocrx_word' id='word_1_585' title='bbox 802 3706 905 3782; x_wconf 82' lang='grc' dir='ltr'>Μωύσῇ</span> <span class='ocrx_word' id='word_1_586' title='bbox 912 3706 1044 3784; x_wconf 85' lang='grc' dir='ltr'>προειπεῖν</span> 
     </span>
     <span class='ocr_line' id='line_1_76' title="bbox 262 3789 866 3871; baseline 0.003 -22"><span class='ocrx_word' id='word_1_587' title='bbox 262 3789 348 3857; x_wconf 85' lang='grc' dir='ltr'>οῦτως</span> <span class='ocrx_word' id='word_1_588' title='bbox 362 3793 391 3849; x_wconf 86' lang='grc' dir='ltr'>ἐκ</span> <span class='ocrx_word' id='word_1_589' title='bbox 405 3795 451 3863; x_wconf 81' lang='grc' dir='ltr'>τῆς</span> <span class='ocrx_word' id='word_1_590' title='bbox 463 3790 560 3871; x_wconf 82' lang='grc' dir='ltr'>πέτρας</span> <span class='ocrx_word' id='word_1_591' title='bbox 574 3790 776 3863; x_wconf 84' lang='grc' dir='ltr'>ἀναδοθήσεσθαι</span> <span class='ocrx_word' id='word_1_592' title='bbox 788 3790 866 3870; x_wconf 83' lang='grc' dir='ltr'>ὕδωρ.</span> 
     </span>
    </p>
   </div>
   <div class='ocr_carea' id='block_1_11' title="bbox 582 3919 738 3982">
    <p class='ocr_par' dir='ltr' id='par_1_12' title="bbox 582 3919 738 3982">
     <span class='ocr_line' id='line_1_77' title="bbox 582 3919 738 3982; baseline 0 -1"><span class='ocrx_word' id='word_1_593' title='bbox 582 3922 675 3982; x_wconf 72' lang='lat' dir='ltr'>ted).</span> <span class='ocrx_word' id='word_1_594' title='bbox 697 3919 738 3981; x_wconf 75' lang='grc' dir='ltr'>δ’.</span> 
     </span>
    </p>
   </div>
   <div class='ocr_carea' id='block_1_12' title="bbox 229 4048 1855 5355">
    <p class='ocr_par' dir='ltr' id='par_1_13' title="bbox 229 4048 1048 4657">
     <span class='ocr_line' id='line_1_78' title="bbox 308 4048 1045 4131; baseline -0.003 -21"><span class='ocrx_word' id='word_1_595' title='bbox 308 4052 362 4110; x_wconf 81' lang='grc' dir='ltr'>Τοῦ</span> <span class='ocrx_word' id='word_1_596' title='bbox 387 4049 413 4109; x_wconf 87' lang='grc' dir='ltr'>δέ</span> <span class='ocrx_word' id='word_1_597' title='bbox 428 4054 479 4108; x_wconf 88' lang='grc' dir='ltr'>τῶν</span> <span class='ocrx_word' id='word_1_598' title='bbox 502 4049 635 4131; x_wconf 79' lang='grc' dir='ltr'>Ἓόραίων</span> <span class='ocrx_word' id='word_1_599' title='bbox 649 4048 774 4127; x_wconf 82' lang='grc' dir='ltr'>ὀνόματος</span> <span class='ocrx_word' id='word_1_600' title='bbox 790 4050 840 4122; x_wconf 85' lang='grc' dir='ltr'>ήδη</span> <span class='ocrx_word' id='word_1_601' title='bbox 862 4052 960 4110; x_wconf 87' lang='grc' dir='ltr'>πολλοῦ</span> <span class='ocrx_word' id='word_1_602' title='bbox 975 4049 1045 4109; x_wconf 83' lang='grc' dir='ltr'>κατδι</span> 
     </span>
     <span class='ocr_line' id='line_1_79' title="bbox 263 4130 1046 4220; baseline 0 -25"><span class='ocrx_word' id='word_1_603' title='bbox 263 4130 561 4215; x_wconf 80' lang='grc' dir='ltr'>πάνταςδιαῦοωμίνου,</span> <span class='ocrx_word' id='word_1_604' title='bbox 572 4137 670 4197; x_wconf 83' lang='grc' dir='ltr'>καὶτοῦ</span> <span class='ocrx_word' id='word_1_605' title='bbox 683 4137 743 4219; x_wconf 80' lang='grc' dir='ltr'>περί</span> <span class='ocrx_word' id='word_1_606' title='bbox 752 4142 837 4198; x_wconf 88' lang='grc' dir='ltr'>αὐτῶν</span> <span class='ocrx_word' id='word_1_607' title='bbox 850 4138 928 4216; x_wconf 88' lang='grc' dir='ltr'>λόγον</span> <span class='ocrx_word' id='word_1_608' title='bbox 939 4140 1046 4220; x_wconf 87' lang='grc' dir='ltr'>φοιτῶν-</span> 
     </span>
     <span class='ocr_line' id='line_1_80' title="bbox 229 4222 1047 4305; baseline -0.002 -22"><span class='ocrx_word' id='word_1_609' title='bbox 229 4248 255 4283; x_wconf 88' lang='grc' dir='ltr'>ιο</span> <span class='ocrx_word' id='word_1_610' title='bbox 269 4246 326 4295; x_wconf 88' lang='grc' dir='ltr'>τος,</span> <span class='ocrx_word' id='word_1_611' title='bbox 346 4226 373 4282; x_wconf 86' lang='grc' dir='ltr'>ἐν</span> <span class='ocrx_word' id='word_1_612' title='bbox 396 4222 469 4303; x_wconf 78' lang='grc' dir='ltr'>φόόῳ</span> <span class='ocrx_word' id='word_1_613' title='bbox 485 4222 635 4282; x_wconf 83' lang='grc' dir='ltr'>συνέόαινεν</span> <span class='ocrx_word' id='word_1_614' title='bbox 659 4228 686 4283; x_wconf 89' lang='grc' dir='ltr'>οὐ</span> <span class='ocrx_word' id='word_1_615' title='bbox 706 4228 790 4305; x_wconf 82' lang='grc' dir='ltr'>μικρῷ</span> <span class='ocrx_word' id='word_1_616' title='bbox 812 4224 871 4291; x_wconf 84' lang='grc' dir='ltr'>τούς</span> <span class='ocrx_word' id='word_1_617' title='bbox 893 4224 1047 4303; x_wconf 79' lang='grc' dir='ltr'>ἐπιχωρίους</span> 
     </span>
     <span class='ocr_line' id='line_1_81' title="bbox 266 4302 1047 4391; baseline -0.001 -22"><span class='ocrx_word' id='word_1_618' title='bbox 266 4302 344 4370; x_wconf 75' lang='grc' dir='ltr'>εἶναι·</span> <span class='ocrx_word' id='word_1_619' title='bbox 365 4310 411 4369; x_wconf 85' lang='grc' dir='ltr'>καλ</span> <span class='ocrx_word' id='word_1_620' title='bbox 424 4310 626 4390; x_wconf 80' lang='grc' dir='ltr'>πρεσθευόμενοι</span> <span class='ocrx_word' id='word_1_621' title='bbox 647 4312 711 4389; x_wconf 80' lang='grc' dir='ltr'>πρὸς</span> <span class='ocrx_word' id='word_1_622' title='bbox 733 4312 862 4383; x_wconf 86' lang='grc' dir='ltr'>ἀλλήλους</span> <span class='ocrx_word' id='word_1_623' title='bbox 883 4312 1047 4391; x_wconf 78' lang='grc' dir='ltr'>παρεκάλουν</span> 
     </span>
     <span class='ocr_line' id='line_1_82' title="bbox 270 4398 1048 4480; baseline -0.001 -22"><span class='ocrx_word' id='word_1_624' title='bbox 270 4400 378 4474; x_wconf 82' lang='grc' dir='ltr'>ἀμύνειν</span> <span class='ocrx_word' id='word_1_625' title='bbox 390 4398 435 4457; x_wconf 87' lang='grc' dir='ltr'>κοιλ</span> <span class='ocrx_word' id='word_1_626' title='bbox 448 4404 586 4478; x_wconf 70' lang='grc' dir='ltr'>πειρᾶσθαι</span> <span class='ocrx_word' id='word_1_627' title='bbox 596 4399 654 4465; x_wconf 88' lang='grc' dir='ltr'>τούς</span> <span class='ocrx_word' id='word_1_628' title='bbox 667 4400 760 4480; x_wconf 80' lang='grc' dir='ltr'>ἄνδρας</span> <span class='ocrx_word' id='word_1_629' title='bbox 774 4399 938 4479; x_wconf 87' lang='grc' dir='ltr'>διαφθείρειν.</span> <span class='ocrx_word' id='word_1_630' title='bbox 951 4398 1048 4478; x_wconf 86' lang='grc' dir='ltr'>Ἐτύγ-</span> 
     </span>
     <span class='ocr_line' id='line_1_83' title="bbox 270 4485 1048 4567; baseline -0.004 -21"><span class='ocrx_word' id='word_1_631' title='bbox 270 4510 350 4567; x_wconf 84' lang='grc' dir='ltr'>χανον</span> <span class='ocrx_word' id='word_1_632' title='bbox 365 4488 391 4545; x_wconf 88' lang='grc' dir='ltr'>δέ</span> <span class='ocrx_word' id='word_1_633' title='bbox 408 4490 432 4545; x_wconf 82' lang='grc' dir='ltr'>οἱ</span> <span class='ocrx_word' id='word_1_634' title='bbox 445 4489 509 4566; x_wconf 80' lang='grc' dir='ltr'>πρὸς</span> <span class='ocrx_word' id='word_1_635' title='bbox 530 4492 605 4546; x_wconf 89' lang='grc' dir='ltr'>τοῦτο</span> <span class='ocrx_word' id='word_1_636' title='bbox 627 4487 758 4563; x_wconf 77' lang='grc' dir='ltr'>ἐνάγοντες</span> <span class='ocrx_word' id='word_1_637' title='bbox 774 4486 801 4545; x_wconf 85' lang='lat' dir='ltr'>ni&#39;</span> <span class='ocrx_word' id='word_1_638' title='bbox 810 4510 837 4545; x_wconf 89' lang='grc' dir='ltr'>τε</span> <span class='ocrx_word' id='word_1_639' title='bbox 851 4486 898 4557; x_wconf 80' lang='grc' dir='ltr'>τήν</span> <span class='ocrx_word' id='word_1_640' title='bbox 913 4485 1048 4547; x_wconf 75' lang='grc' dir='ltr'>Γοῦολῖτιν</span> 
     </span>
     <span class='ocr_line' id='line_1_84' title="bbox 271 4572 1048 4657; baseline 0 -24"><span class='ocrx_word' id='word_1_641' title='bbox 271 4575 316 4633; x_wconf 87' lang='grc' dir='ltr'>καλ</span> <span class='ocrx_word' id='word_1_642' title='bbox 326 4580 349 4634; x_wconf 88' lang='lat' dir='ltr'>oi</span> <span class='ocrx_word' id='word_1_643' title='bbox 357 4574 403 4646; x_wconf 79' lang='grc' dir='ltr'>τήν</span> <span class='ocrx_word' id='word_1_644' title='bbox 415 4574 519 4657; x_wconf 88' lang='grc' dir='ltr'>Πέτραν</span> <span class='ocrx_word' id='word_1_645' title='bbox 528 4580 715 4647; x_wconf 88' lang='grc' dir='ltr'>κατοικοῦντες,</span> <span class='ocrx_word' id='word_1_646' title='bbox 723 4574 747 4634; x_wconf 79' lang='grc' dir='ltr'>οἳ</span> <span class='ocrx_word' id='word_1_647' title='bbox 759 4578 899 4633; x_wconf 88' lang='grc' dir='ltr'>καλοῦνται</span> <span class='ocrx_word' id='word_1_648' title='bbox 906 4572 953 4650; x_wconf 89' lang='grc' dir='ltr'>μέν</span> <span class='ocrx_word' id='word_1_649' title='bbox 965 4573 1048 4650; x_wconf 82' lang='grc' dir='ltr'>Ἄμα-</span> 
     </span>
    </p>

    <p class='ocr_par' dir='ltr' id='par_1_14' title="bbox 231 4662 1855 5355">
     <span class='ocr_line' id='line_1_85' title="bbox 231 4662 1047 4742; baseline 0.001 -23"><span class='ocrx_word' id='word_1_650' title='bbox 231 4690 258 4729; x_wconf 70' lang='lat' dir='ltr'>p,</span> <span class='ocrx_word' id='word_1_651' title='bbox 272 4664 392 4735; x_wconf 79' lang='grc' dir='ltr'>ληκῗτκι,</span> <span class='ocrx_word' id='word_1_652' title='bbox 416 4662 598 4742; x_wconf 82' lang='grc' dir='ltr'>μαχιμώτατοι</span> <span class='ocrx_word' id='word_1_653' title='bbox 613 4663 640 4721; x_wconf 84' lang='grc' dir='ltr'>δὲ</span> <span class='ocrx_word' id='word_1_654' title='bbox 659 4666 710 4721; x_wconf 85' lang='grc' dir='ltr'>τῶν</span> <span class='ocrx_word' id='word_1_655' title='bbox 729 4665 812 4722; x_wconf 85' lang='grc' dir='ltr'>ἐκεῖσε</span> <span class='ocrx_word' id='word_1_656' title='bbox 826 4664 904 4721; x_wconf 86' lang='grc' dir='ltr'>ἐθνῶν</span> <span class='ocrx_word' id='word_1_657' title='bbox 919 4666 1047 4741; x_wconf 72' lang='grc' dir='ltr'>ὑπῆρχον.</span> 
     </span>
     <span class='ocr_line' id='line_1_86' title="bbox 271 4738 1855 4829; baseline -0.011 -20"><span class='ocrx_word' id='word_1_658' title='bbox 271 4740 324 4809; x_wconf 72' lang='grc' dir='ltr'>Ὧν</span> <span class='ocrx_word' id='word_1_659' title='bbox 336 4750 480 4825; x_wconf 89' lang='grc' dir='ltr'>πέμποντες</span> <span class='ocrx_word' id='word_1_660' title='bbox 494 4753 516 4809; x_wconf 89' lang='lat' dir='ltr'>ai</span> <span class='ocrx_word' id='word_1_661' title='bbox 528 4753 642 4829; x_wconf 86' lang='grc' dir='ltr'>βασιλεῖς</span> <span class='ocrx_word' id='word_1_662' title='bbox 654 4750 782 4821; x_wconf 86' lang='grc' dir='ltr'>ἀλλήλους</span> <span class='ocrx_word' id='word_1_663' title='bbox 790 4773 818 4807; x_wconf 91' lang='grc' dir='ltr'>τε</span> <span class='ocrx_word' id='word_1_664' title='bbox 831 4751 876 4807; x_wconf 78' lang='grc' dir='ltr'>καί</span> <span class='ocrx_word' id='word_1_665' title='bbox 886 4748 943 4815; x_wconf 85' lang='grc' dir='ltr'>τοῦς</span> <span class='ocrx_word' id='word_1_666' title='bbox 953 4748 1049 4828; x_wconf 86' lang='grc' dir='ltr'>περιοί-</span> <span class='ocrx_word' id='word_1_667' title='bbox 1093 4770 1136 4819; x_wconf 89' lang='lat' dir='ltr'>per</span> <span class='ocrx_word' id='word_1_668' title='bbox 1147 4757 1237 4817; x_wconf 76' lang='lat' dir='ltr'>legatos</span> <span class='ocrx_word' id='word_1_669' title='bbox 1248 4758 1326 4804; x_wconf 89' lang='lat' dir='ltr'>semet</span> <span class='ocrx_word' id='word_1_670' title='bbox 1336 4760 1361 4805; x_wconf 89' lang='lat' dir='ltr'>et</span> <span class='ocrx_word' id='word_1_671' title='bbox 1369 4768 1453 4804; x_wconf 88' lang='lat' dir='ltr'>omnes</span> <span class='ocrx_word' id='word_1_672' title='bbox 1463 4751 1617 4802; x_wconf 86' lang='lat' dir='ltr'>circumcirca</span> <span class='ocrx_word' id='word_1_673' title='bbox 1628 4749 1728 4814; x_wconf 88' lang='lat' dir='ltr'>popnios</span> <span class='ocrx_word' id='word_1_674' title='bbox 1738 4743 1767 4793; x_wconf 87' lang='lat' dir='ltr'>ad</span> <span class='ocrx_word' id='word_1_675' title='bbox 1775 4738 1855 4788; x_wconf 71' lang='lat' dir='ltr'>beilum</span> 
     </span>
     <span class='ocr_line' id='line_1_87' title="bbox 274 4828 1855 4915; baseline -0.016 -12"><span class='ocrx_word' id='word_1_676' title='bbox 274 4859 333 4903; x_wconf 63' lang='grc' dir='ltr'>κους</span> <span class='ocrx_word' id='word_1_677' title='bbox 358 4835 403 4894; x_wconf 74' lang='lat' dir='ltr'>tri</span> <span class='ocrx_word' id='word_1_678' title='bbox 425 4835 467 4893; x_wconf 71' lang='grc' dir='ltr'>τὸν</span> <span class='ocrx_word' id='word_1_679' title='bbox 487 4835 551 4915; x_wconf 76' lang='grc' dir='ltr'>πρὸς</span> <span class='ocrx_word' id='word_1_680' title='bbox 573 4836 712 4915; x_wconf 70' lang='grc' dir='ltr'>Ἐὐραίους</span> <span class='ocrx_word' id='word_1_681' title='bbox 737 4837 851 4913; x_wconf 87' lang='grc' dir='ltr'>πολεμον</span> <span class='ocrx_word' id='word_1_682' title='bbox 876 4836 1049 4915; x_wconf 80' lang='grc' dir='ltr'>παρεκάλουν,</span> <span class='ocrx_word' id='word_1_683' title='bbox 1094 4828 1855 4915; x_wconf 61' lang='lat' dir='ltr'>nmisinterendomcondamut.atientgeusmmexedunt</span> 
     </span>
     <span class='ocr_line' id='line_1_88' title="bbox 274 4907 1852 5003; baseline -0.013 -20"><span class='ocrx_word' id='word_1_684' title='bbox 274 4920 385 5003; x_wconf 79' lang='grc' dir='ltr'>στρατόν</span> <span class='ocrx_word' id='word_1_685' title='bbox 400 4921 543 5002; x_wconf 83' lang='grc' dir='ltr'>ἀλλόφυλον</span> <span class='ocrx_word' id='word_1_686' title='bbox 563 4924 607 4981; x_wconf 82' lang='grc' dir='ltr'>καλ</span> <span class='ocrx_word' id='word_1_687' title='bbox 629 4930 675 4996; x_wconf 74' lang='grc' dir='ltr'>τῆς</span> <span class='ocrx_word' id='word_1_688' title='bbox 695 4924 845 5003; x_wconf 73' lang='grc' dir='ltr'>Αἰγυπτίων</span> <span class='ocrx_word' id='word_1_689' title='bbox 865 4922 1049 5001; x_wconf 88' lang='grc' dir='ltr'>ἀποδράσαντα</span> <span class='ocrx_word' id='word_1_690' title='bbox 1093 4930 1210 4993; x_wconf 83' lang='lat' dir='ltr'>etquiex</span> <span class='ocrx_word' id='word_1_691' title='bbox 1227 4929 1389 4991; x_wconf 78' lang='lat' dir='ltr'>AEgyptiorum</span> <span class='ocrx_word' id='word_1_692' title='bbox 1411 4929 1526 4978; x_wconf 83' lang='lat' dir='ltr'>servitute</span> <span class='ocrx_word' id='word_1_693' title='bbox 1548 4927 1681 4984; x_wconf 82' lang='lat' dir='ltr'>eraserint,</span> <span class='ocrx_word' id='word_1_694' title='bbox 1701 4917 1796 4970; x_wconf 87' lang='lat' dir='ltr'>iusidias</span> <span class='ocrx_word' id='word_1_695' title='bbox 1811 4907 1852 4957; x_wconf 67' lang='lat' dir='ltr'>siit</span> 
     </span>
     <span class='ocr_line' id='line_1_89' title="bbox 275 5006 1853 5091; baseline -0.01 -21"><span class='ocrx_word' id='word_1_696' title='bbox 275 5009 392 5076; x_wconf 85' lang='grc' dir='ltr'>δουλείας</span> <span class='ocrx_word' id='word_1_697' title='bbox 411 5007 553 5090; x_wconf 83' lang='grc' dir='ltr'>ἐφεδρεύειν</span> <span class='ocrx_word' id='word_1_698' title='bbox 582 5012 667 5079; x_wconf 86' lang='grc' dir='ltr'>αὐτοῖς</span> <span class='ocrx_word' id='word_1_699' title='bbox 694 5012 824 5091; x_wconf 82' lang='grc' dir='ltr'>λέγοντες·</span> <span class='ocrx_word' id='word_1_700' title='bbox 840 5040 851 5062; x_wconf 76' lang='lat' dir='ltr'>r</span> <span class='ocrx_word' id='word_1_701' title='bbox 867 5010 895 5069; x_wconf 83' lang='grc' dir='ltr'>δν</span> <span class='ocrx_word' id='word_1_702' title='bbox 918 5012 947 5069; x_wconf 91' lang='grc' dir='ltr'>οὐ</span> <span class='ocrx_word' id='word_1_703' title='bbox 966 5012 1060 5076; x_wconf 88' lang='grc' dir='ltr'>καλῶς</span> <span class='ocrx_word' id='word_1_704' title='bbox 1094 5021 1185 5067; x_wconf 87' lang='lat' dir='ltr'>struere</span> <span class='ocrx_word' id='word_1_705' title='bbox 1202 5017 1353 5067; x_wconf 82' lang='lat' dir='ltr'>dictitantes:</span> <span class='ocrx_word' id='word_1_706' title='bbox 1366 5029 1462 5078; x_wconf 78' lang='grc' dir='ltr'>ιοιιειιι</span> <span class='ocrx_word' id='word_1_707' title='bbox 1480 5027 1544 5066; x_wconf 82' lang='lat' dir='ltr'>sune</span> <span class='ocrx_word' id='word_1_708' title='bbox 1563 5010 1708 5073; x_wconf 85' lang='lat' dir='ltr'>contemptui</span> <span class='ocrx_word' id='word_1_709' title='bbox 1720 5006 1853 5057; x_wconf 77' lang='lat' dir='ltr'>babere¹1⁰⁰</span> 
     </span>
     <span class='ocr_line' id='line_1_90' title="bbox 235 5080 1854 5178; baseline -0.015 -19"><span class='ocrx_word' id='word_1_710' title='bbox 235 5118 262 5159; x_wconf 83' lang='lat' dir='ltr'>no</span> <span class='ocrx_word' id='word_1_711' title='bbox 276 5098 332 5177; x_wconf 85' lang='grc' dir='ltr'>ἐχει</span> <span class='ocrx_word' id='word_1_712' title='bbox 342 5105 477 5177; x_wconf 73' lang='grc' dir='ltr'>περιορᾶν,</span> <span class='ocrx_word' id='word_1_713' title='bbox 493 5094 560 5155; x_wconf 87' lang='grc' dir='ltr'>ἀλλά</span> <span class='ocrx_word' id='word_1_714' title='bbox 571 5099 658 5177; x_wconf 78' lang='grc' dir='ltr'>πρλνή</span> <span class='ocrx_word' id='word_1_715' title='bbox 673 5098 762 5157; x_wconf 85' lang='grc' dir='ltr'>λαόεῑν</span> <span class='ocrx_word' id='word_1_716' title='bbox 777 5098 851 5178; x_wconf 79' lang='grc' dir='ltr'>ἰσχὺν</span> <span class='ocrx_word' id='word_1_717' title='bbox 861 5097 906 5157; x_wconf 83' lang='grc' dir='ltr'>κοιλ</span> <span class='ocrx_word' id='word_1_718' title='bbox 914 5098 1051 5176; x_wconf 86' lang='grc' dir='ltr'>παρελθεῖν</span> <span class='ocrx_word' id='word_1_719' title='bbox 1093 5110 1203 5167; x_wconf 84' lang='lat' dir='ltr'>oportet,</span> <span class='ocrx_word' id='word_1_720' title='bbox 1215 5104 1272 5164; x_wconf 90' lang='lat' dir='ltr'>sed,</span> <span class='ocrx_word' id='word_1_721' title='bbox 1288 5105 1427 5167; x_wconf 83' lang='lat' dir='ltr'>priusquam</span> <span class='ocrx_word' id='word_1_722' title='bbox 1443 5103 1535 5152; x_wconf 78' lang='lat' dir='ltr'>viribus</span> <span class='ocrx_word' id='word_1_723' title='bbox 1549 5107 1680 5163; x_wconf 72' lang='lat' dir='ltr'>urgeantur</span> <span class='ocrx_word' id='word_1_724' title='bbox 1695 5099 1719 5146; x_wconf 91' lang='lat' dir='ltr'>et</span> <span class='ocrx_word' id='word_1_725' title='bbox 1729 5091 1811 5154; x_wconf 91' lang='lat' dir='ltr'>opibus</span> <span class='ocrx_word' id='word_1_726' title='bbox 1822 5080 1854 5129; x_wconf 73' lang='lat' dir='ltr'>tf·</span> 
     </span>
     <span class='ocr_line' id='line_1_91' title="bbox 276 5166 1853 5265; baseline -0.015 -18"><span class='ocrx_word' id='word_1_727' title='bbox 276 5188 312 5253; x_wconf 81' lang='grc' dir='ltr'>εἰς</span> <span class='ocrx_word' id='word_1_728' title='bbox 325 5182 456 5265; x_wconf 86' lang='grc' dir='ltr'>εὐπορίαν,</span> <span class='ocrx_word' id='word_1_729' title='bbox 470 5182 515 5243; x_wconf 82' lang='grc' dir='ltr'>καί</span> <span class='ocrx_word' id='word_1_730' title='bbox 528 5184 619 5265; x_wconf 75' lang='grc' dir='ltr'>αὐτοὺς</span> <span class='ocrx_word' id='word_1_731' title='bbox 636 5190 682 5257; x_wconf 80' lang='grc' dir='ltr'>τῆς</span> <span class='ocrx_word' id='word_1_732' title='bbox 702 5186 764 5264; x_wconf 89' lang='grc' dir='ltr'>πρδς</span> <span class='ocrx_word' id='word_1_733' title='bbox 778 5190 848 5261; x_wconf 77' lang='grc' dir='ltr'>ἡμᾶς</span> <span class='ocrx_word' id='word_1_734' title='bbox 861 5184 987 5265; x_wconf 80' lang='grc' dir='ltr'>κατάρξαι</span> <span class='ocrx_word' id='word_1_735' title='bbox 1000 5184 1052 5261; x_wconf 90' lang='grc' dir='ltr'>μά·</span> <span class='ocrx_word' id='word_1_736' title='bbox 1093 5194 1182 5252; x_wconf 83' lang='lat' dir='ltr'>fluant,</span> <span class='ocrx_word' id='word_1_737' title='bbox 1194 5200 1219 5243; x_wconf 90' lang='lat' dir='ltr'>et</span> <span class='ocrx_word' id='word_1_738' title='bbox 1235 5193 1358 5243; x_wconf 81' lang='lat' dir='ltr'>tiducinex</span> <span class='ocrx_word' id='word_1_739' title='bbox 1368 5196 1450 5240; x_wconf 88' lang='lat' dir='ltr'>nostra</span> <span class='ocrx_word' id='word_1_740' title='bbox 1459 5190 1590 5239; x_wconf 85' lang='lat' dir='ltr'>cessatione</span> <span class='ocrx_word' id='word_1_741' title='bbox 1605 5191 1701 5249; x_wconf 83' lang='lat' dir='ltr'>occepta</span> <span class='ocrx_word' id='word_1_742' title='bbox 1715 5181 1799 5245; x_wconf 85' lang='lat' dir='ltr'>priores</span> <span class='ocrx_word' id='word_1_743' title='bbox 1812 5166 1853 5263; x_wconf 65' lang='lat' dir='ltr'>bei·</span> 
     </span>
     <span class='ocr_line' id='line_1_92' title="bbox 277 5260 1850 5355; baseline -0.003 -23"><span class='ocrx_word' id='word_1_744' title='bbox 277 5298 327 5355; x_wconf 86' lang='grc' dir='ltr'>χης</span> <span class='ocrx_word' id='word_1_745' title='bbox 337 5271 515 5353; x_wconf 87' lang='grc' dir='ltr'>θαρρήσαντας</span> <span class='ocrx_word' id='word_1_746' title='bbox 528 5274 565 5353; x_wconf 79' lang='grc' dir='ltr'>τῷ</span> <span class='ocrx_word' id='word_1_747' title='bbox 576 5272 657 5349; x_wconf 87' lang='grc' dir='ltr'>μηδέν</span> <span class='ocrx_word' id='word_1_748' title='bbox 671 5274 756 5341; x_wconf 85' lang='grc' dir='ltr'>αὐτοῖς</span> <span class='ocrx_word' id='word_1_749' title='bbox 762 5274 825 5353; x_wconf 80' lang='grc' dir='ltr'>παρ’</span> <span class='ocrx_word' id='word_1_750' title='bbox 838 5276 912 5347; x_wconf 76' lang='grc' dir='ltr'>ἡμῶν</span> <span class='ocrx_word' id='word_1_751' title='bbox 922 5274 1053 5349; x_wconf 75' lang='grc' dir='ltr'>ἀπαντᾶν,</span> <span class='ocrx_word' id='word_1_752' title='bbox 1094 5282 1145 5331; x_wconf 90' lang='lat' dir='ltr'>ium</span> <span class='ocrx_word' id='word_1_753' title='bbox 1155 5282 1295 5343; x_wconf 88' lang='lat' dir='ltr'>suscipiant,</span> <span class='ocrx_word' id='word_1_754' title='bbox 1307 5280 1439 5342; x_wconf 83' lang='lat' dir='ltr'>opprimere</span> <span class='ocrx_word' id='word_1_755' title='bbox 1449 5278 1594 5327; x_wconf 89' lang='lat' dir='ltr'>tutissimum</span> <span class='ocrx_word' id='word_1_756' title='bbox 1601 5274 1672 5324; x_wconf 89' lang='lat' dir='ltr'>simui</span> <span class='ocrx_word' id='word_1_757' title='bbox 1683 5284 1710 5321; x_wconf 85' lang='lat' dir='ltr'>ac</span> <span class='ocrx_word' id='word_1_758' title='bbox 1720 5260 1850 5328; x_wconf 65' lang='lat' dir='ltr'>ttiiffl¹⁵⁵⁸&#39;&#39;</span> 
     </span>
    </p>
   </div>
   <div class='ocr_carea' id='block_1_13' title="bbox 1090 4039 1857 4719">
    <p class='ocr_par' dir='ltr' id='par_1_15' title="bbox 1090 4039 1857 4719">
     <span class='ocr_line' id='line_1_93' title="bbox 1121 4039 1852 4107; baseline -0.018 -9"><span class='ocrx_word' id='word_1_759' title='bbox 1121 4044 1613 4107; x_wconf 76' lang='lat' dir='ltr'>tiebraornmauterniamaiongeinteqoe</span> <span class='ocrx_word' id='word_1_760' title='bbox 1623 4039 1852 4107; x_wconf 57' lang='lat' dir='ltr'>pervutpuptser·</span> 
     </span>
     <span class='ocr_line' id='line_1_94' title="bbox 1090 4124 1853 4198; baseline -0.016 -7"><span class='ocrx_word' id='word_1_761' title='bbox 1090 4154 1161 4191; x_wconf 91' lang='lat' dir='ltr'>mone</span> <span class='ocrx_word' id='word_1_762' title='bbox 1180 4139 1210 4188; x_wconf 91' lang='lat' dir='ltr'>de</span> <span class='ocrx_word' id='word_1_763' title='bbox 1227 4138 1274 4187; x_wconf 88' lang='lat' dir='ltr'>itiis</span> <span class='ocrx_word' id='word_1_764' title='bbox 1290 4138 1493 4198; x_wconf 84' lang='lat' dir='ltr'>increbrescente,</span> <span class='ocrx_word' id='word_1_765' title='bbox 1513 4138 1611 4198; x_wconf 85' lang='lat' dir='ltr'>contigit</span> <span class='ocrx_word' id='word_1_766' title='bbox 1630 4144 1720 4186; x_wconf 86' lang='lat' dir='ltr'>utnon</span> <span class='ocrx_word' id='word_1_767' title='bbox 1738 4124 1853 4180; x_wconf 80' lang='lat' dir='ltr'>mediocris</span> 
     </span>
     <span class='ocr_line' id='line_1_95' title="bbox 1091 4212 1854 4287; baseline -0.001 -11"><span class='ocrx_word' id='word_1_768' title='bbox 1091 4228 1163 4276; x_wconf 88' lang='lat' dir='ltr'>timor</span> <span class='ocrx_word' id='word_1_769' title='bbox 1171 4225 1294 4287; x_wconf 79' lang='lat' dir='ltr'>indigenas</span> <span class='ocrx_word' id='word_1_770' title='bbox 1304 4227 1445 4285; x_wconf 80' lang='lat' dir='ltr'>ocmperet:</span> <span class='ocrx_word' id='word_1_771' title='bbox 1456 4228 1480 4273; x_wconf 90' lang='lat' dir='ltr'>et</span> <span class='ocrx_word' id='word_1_772' title='bbox 1487 4224 1567 4273; x_wconf 85' lang='lat' dir='ltr'>missis</span> <span class='ocrx_word' id='word_1_773' title='bbox 1575 4224 1637 4274; x_wconf 87' lang='lat' dir='ltr'>uitro</span> <span class='ocrx_word' id='word_1_774' title='bbox 1647 4224 1753 4283; x_wconf 79' lang='lat' dir='ltr'>cinoque</span> <span class='ocrx_word' id='word_1_775' title='bbox 1763 4212 1854 4275; x_wconf 41' lang='lat'>¹095&amp;</span> 
     </span>
     <span class='ocr_line' id='line_1_96' title="bbox 1090 4300 1857 4376; baseline -0.018 -9"><span class='ocrx_word' id='word_1_776' title='bbox 1090 4318 1162 4367; x_wconf 88' lang='lat' dir='ltr'>nibus</span> <span class='ocrx_word' id='word_1_777' title='bbox 1174 4330 1201 4366; x_wconf 88' lang='lat' dir='ltr'>se</span> <span class='ocrx_word' id='word_1_778' title='bbox 1216 4317 1318 4366; x_wconf 79' lang='lat' dir='ltr'>inuicem</span> <span class='ocrx_word' id='word_1_779' title='bbox 1328 4315 1522 4374; x_wconf 84' lang='lat' dir='ltr'>cohortabantur,</span> <span class='ocrx_word' id='word_1_780' title='bbox 1534 4320 1562 4363; x_wconf 90' lang='lat' dir='ltr'>ut</span> <span class='ocrx_word' id='word_1_781' title='bbox 1570 4314 1652 4376; x_wconf 84' lang='lat' dir='ltr'>copias</span> <span class='ocrx_word' id='word_1_782' title='bbox 1662 4307 1823 4372; x_wconf 81' lang='lat' dir='ltr'>onnjnrrgereni</span> <span class='ocrx_word' id='word_1_783' title='bbox 1835 4300 1857 4348; x_wconf 72' lang='lat' dir='ltr'>ti</span> 
     </span>
     <span class='ocr_line' id='line_1_97' title="bbox 1091 4394 1856 4467; baseline -0.018 -11"><span class='ocrx_word' id='word_1_784' title='bbox 1091 4406 1122 4456; x_wconf 92' lang='lat' dir='ltr'>ad</span> <span class='ocrx_word' id='word_1_785' title='bbox 1144 4407 1211 4456; x_wconf 78' lang='lat' dir='ltr'>viros</span> <span class='ocrx_word' id='word_1_786' title='bbox 1233 4406 1287 4455; x_wconf 89' lang='lat' dir='ltr'>iiios</span> <span class='ocrx_word' id='word_1_787' title='bbox 1305 4403 1456 4467; x_wconf 81' lang='lat' dir='ltr'>perimendos</span> <span class='ocrx_word' id='word_1_788' title='bbox 1484 4402 1647 4463; x_wconf 84' lang='lat' dir='ltr'>dcieudosque</span> <span class='ocrx_word' id='word_1_789' title='bbox 1679 4394 1856 4460; x_wconf 71' lang='lat' dir='ltr'>aggrederentur·</span> 
     </span>
     <span class='ocr_line' id='line_1_98' title="bbox 1092 4475 1856 4554; baseline -0.025 -10"><span class='ocrx_word' id='word_1_790' title='bbox 1092 4496 1192 4545; x_wconf 86' lang='lat' dir='ltr'>ceteros</span> <span class='ocrx_word' id='word_1_791' title='bbox 1209 4506 1267 4543; x_wconf 77' lang='lat' dir='ltr'>vero</span> <span class='ocrx_word' id='word_1_792' title='bbox 1283 4493 1313 4542; x_wconf 81' lang='lat' dir='ltr'>ad</span> <span class='ocrx_word' id='word_1_793' title='bbox 1328 4492 1373 4541; x_wconf 86' lang='lat' dir='ltr'>iroo</span> <span class='ocrx_word' id='word_1_794' title='bbox 1389 4492 1510 4554; x_wconf 89' lang='lat' dir='ltr'>inceptum</span> <span class='ocrx_word' id='word_1_795' title='bbox 1524 4490 1671 4552; x_wconf 83' lang='lat' dir='ltr'>impulerunt</span> <span class='ocrx_word' id='word_1_796' title='bbox 1687 4478 1823 4535; x_wconf 83' lang='lat' dir='ltr'>Goboiitidis</span> <span class='ocrx_word' id='word_1_797' title='bbox 1834 4475 1856 4521; x_wconf 79' lang='lat' dir='ltr'>ei</span> 
     </span>
     <span class='ocr_line' id='line_1_99' title="bbox 1092 4564 1856 4643; baseline -0.014 -11"><span class='ocrx_word' id='word_1_798' title='bbox 1092 4585 1169 4632; x_wconf 84' lang='lat' dir='ltr'>Petne</span> <span class='ocrx_word' id='word_1_799' title='bbox 1179 4580 1276 4640; x_wconf 69' lang='lat' dir='ltr'>incoiee,</span> <span class='ocrx_word' id='word_1_800' title='bbox 1289 4580 1330 4643; x_wconf 84' lang='lat' dir='ltr'>qui</span> <span class='ocrx_word' id='word_1_801' title='bbox 1348 4582 1463 4629; x_wconf 76' lang='lat' dir='ltr'>romntnr</span> <span class='ocrx_word' id='word_1_802' title='bbox 1480 4576 1578 4641; x_wconf 84' lang='lat' dir='ltr'>quidem</span> <span class='ocrx_word' id='word_1_803' title='bbox 1596 4574 1743 4630; x_wconf 60' lang='lat' dir='ltr'>amicosne,</span> <span class='ocrx_word' id='word_1_804' title='bbox 1759 4564 1856 4628; x_wconf 56' lang='lat' dir='ltr'>setium</span> 
     </span>
     <span class='ocr_line' id='line_1_100' title="bbox 1092 4658 1856 4719; baseline -0.013 -1"><span class='ocrx_word' id='word_1_805' title='bbox 1092 4673 1173 4719; x_wconf 88' lang='lat' dir='ltr'>autem</span> <span class='ocrx_word' id='word_1_806' title='bbox 1183 4668 1334 4717; x_wconf 75' lang='lat' dir='ltr'>finitimarum</span> <span class='ocrx_word' id='word_1_807' title='bbox 1344 4665 1517 4717; x_wconf 87' lang='lat' dir='ltr'>beiiinosissimi</span> <span class='ocrx_word' id='word_1_808' title='bbox 1527 4666 1677 4715; x_wconf 81' lang='lat' dir='ltr'>exstiterunt.</span> <span class='ocrx_word' id='word_1_809' title='bbox 1701 4663 1786 4710; x_wconf 82' lang='lat' dir='ltr'>tiorum</span> <span class='ocrx_word' id='word_1_810' title='bbox 1795 4658 1856 4709; x_wconf 66' lang='lat' dir='ltr'>ffltffl</span> 
     </span>
    </p>
   </div>
   <div class='ocr_carea' id='block_1_14' title="bbox 0 0 1950 6084">
    <p class='ocr_par' dir='ltr' id='par_1_16' title="bbox 0 0 1950 6084">
     <span class='ocr_line' id='line_1_101' title="bbox 0 0 1950 6084; baseline 0 0"><span class='ocrx_word' id='word_1_811' title='bbox 0 0 1950 6084; x_wconf 95' lang='lat' dir='ltr'> </span> 
     </span>
    </p>
   </div>
  </div>
 </body>
</html>
