3859 6084
275 492 311 540 ab
373 480 473 558 (aspa)

272 609 359 670 κόνόου
383 608 549 691 ἀναχώρησιν
568 609 683 667 καὶτῶν
708 608 867 689 θυγατέρων,
886 610 1043 668 δεινοπαθῶν

271 697 382 770 ήλαυνεν
401 700 443 758 ἐπ’
462 696 539 755 αύτδν
559 692 625 773 μετδι
647 693 781 774 δυνάμεως
802 696 981 776 ἐπειγόμενος·
1002 696 1046 754 καί

271 785 328 843 καθ’
347 784 460 861 ἐόδόμην
479 781 579 863 ἡμέραν
593 780 636 842 ἐπί
651 807 717 851 τινος
731 783 810 865 λόφου
827 783 957 861 λαμύάνει
974 807 1046 864 προ·

272 871 479 953 καθιδρυμένους.
513 869 567 931 Kal
573 869 632 930 τότε
647 869 694 950 μέν
707 870 815 952 (ἑσπέρα
829 872 879 952 γὰρ
892 863 934 949 ἦν)
944 871 1046 950 ἡσύχα-

243 984 257 1022 ο
273 963 327 1028 ζαν·
345 960 410 1039 όναρ
425 957 452 1017 δέ
467 962 481 1017 θ
495 957 562 1026 Θεδς
582 961 652 1040 αύτῷ
671 960 779 1027 ἐπιστάς
794 959 926 1040 παρήνεσε
939 958 1046 1017 λαόόντι

270 1049 315 1108 τὸν
327 1047 445 1128 γαμόρθν
457 1047 502 1107 καί
513 1047 559 1114 τδες
572 1046 713 1128 θυγατέρας
725 1051 840 1129 ἠρεμεῖν,
856 1047 900 1106 καί
916 1046 998 1124 μηδὲν
1009 1049 1046 1113 είς

269 1135 361 1202 αὐτούς
374 1135 424 1193 bai
442 1139 523 1212 θυμοῦ
545 1137 654 1211 τολμᾶν,
670 1133 781 1202 σπονδάς
797 1134 825 1194 δέ
839 1137 970 1194 ποιεῖσθαι
983 1133 1047 1214 πρὸς

271 1223 405 1296 ’ίάκωόοη
419 1222 496 1289 αύτὸς
509 1222 592 1299 λέγων
608 1221 697 1303 ἐκείνῳ
709 1221 904 1302 συμμαχήσειν,
921 1224 944 1280 εί
960 1244 1045 1278 κατα-

168 1351 173 1362 ·
269 1310 398 1397 φρονήσας
416 1312 493 1368 αὐτοῦ
515 1314 561 1382 τῆς
582 1310 729 1388 ὀλιγότητος
748 1310 891 1390 χωρήσειεν
911 1311 983 1390 αύτῷ
1000 1307 1045 1366 διδ

232 1416 257 1457 lo
270 1400 368 1480 μάχης.
417 1396 541 1466 Λάόανος
559 1397 606 1476 δέ,
629 1397 751 1470 τοιαύτης
773 1399 844 1478 αὐτῷ
863 1401 893 1456 ἐκ
912 1401 956 1454 τοῦ
975 1399 1045 1458 Θεοῦ

267 1484 630 1633 ἶὶῦρέῗωςγεγεῦῦης’
647 1491 702 1563 ⁹⁵⁰⁸
715 1484 879 1630 ἡίέὲίιεῖς
895 1483 989 1628 λόέἕῦ
1002 1505 1051 1628 ἷῗί

267 1596 406 1740 όνάῦΐέἀεί
414 1595 885 1740 ,affinssssagssgssqssgssg‚mg
893 1598 1045 1737 κατηγῦρεῐν

267 1750 363 1825 αὐτοῦ,
376 1747 516 1830 προφέρων
534 1746 574 1806 ότι
591 1746 637 1806 καὶ
649 1746 751 1819 πένητα
768 1747 845 1804 αὐτὸν
857 1745 963 1805 ἐλθόντα
982 1745 1047 1827 πρδς

230 1854 254 1894 ta
267 1836 345 1896 αύτδν
364 1836 409 1896 καί
434 1835 539 1894 πάντων
561 1834 658 1916 άπορον
679 1835 819 1903 ὑπεδέξατο
840 1835 886 1892 καί
910 1832 1047 1914 παράσχοι

267 1933 355 1984 πᾶσαν
368 1923 493 2006 ἀφθονίαν
509 1927 555 1994 ’τῆς
570 1927 651 1983 αὐτοῦ
669 1923 794 1995 κτήσεως.
837 1949 849 1976 α
867 1921 921 1982 Καὶ
933 1920 983 2002 γὰρ
1001 1925 1045 1979 θυ-
1092 1971 1099 1982 .

268 2039 281 2066 ε
295 2011 407 2093 γατύρας
424 2011 470 2078 τάς
495 2009 559 2089 ἐμθς
582 2010 732 2082 συνέζευξα,
747 2010 795 2081 τήν
818 2009 916 2071 εὔνοιάν
931 2033 977 2068 σου
998 2007 1046 2080 τήν

268 2127 280 2153 ε
295 2100 359 2180 πρὸς
373 2105 445 2176 ἡμᾶς
456 2098 555 2166 τούτοις
572 2098 761 2170 αύξηθήσεσθαι
774 2096 947 2176 λογιζόμενος·
959 2096 991 2154 σθ
1006 2096 1046 2168 δέ,

268 2213 281 2240 s
295 2187 353 2246 ούτε
371 2191 417 2258 τῆς
435 2186 532 2266 μητρὸς
542 2191 589 2257 τῆς
606 2189 697 2244 ἑαυτοῦ
719 2185 765 2244 καὶ
778 2184 910 2252 κοινωνίας
927 2177 957 2256 ἧς
981 2184 1048 2262 εἶχες

228 2289 256 2328 ao
270 2303 281 2328 ι
293 2274 357 2356 πρδς
372 2274 418 2352 ἐμὲ
436 2273 601 2353 συγγενείας,
616 2272 674 2332 ούτε
688 2276 817 2346 γυναικῶν
829 2271 858 2340 ἀς
869 2272 969 2350 ἔγημας
983 2273 1048 2330 αἰδῶ

268 2391 280 2416 ε
294 2362 477 2439 ποιησάμενος,
482 2360 540 2420 ούτε
547 2359 642 2420 τέκνων
649 2351 685 2419 ὧν
695 2360 749 2436 εἰμὶ
759 2360 876 2432 πάππος,
887 2359 993 2440 ἐχρήσω
1003 2384 1046 2437 μοι

268 2479 280 2502 n
293 2450 409 2528 πολέμου
420 2449 507 2529 νόμην,
516 2453 607 2520 κτῆσιν
620 2449 666 2526 μέν
679 2447 749 2527 άγυιν
761 2447 809 2520 τὴν
819 2449 893 2526 ἐμήν,
907 2447 1047 2527 θυγατέρας

268 2566 281 2591 ιι
294 2537 321 2597 δέ
342 2537 485 2603 ἀναπείσας
504 2538 649 2618 ἀποδρᾶναι
664 2535 707 2592 τὸν
728 2535 917 2614 γεγεννηκότα,
937 2535 995 2616 ἱερά
1019 2559 1047 2593 τε

268 2626 390 2704 ιπάτρια
413 2624 547 2705 βαστάσας
566 2622 632 2683 οἶκοι
660 2623 840 2702 [φερόμενος],
862 2621 912 2681 θπό
935 2647 963 2681 τε
993 2626 1044 2680 τῶν

228 2726 254 2766 ti
268 2741 280 2766 r
294 2716 363 2791 ἐμῶν
373 2712 513 2792 τιμηθέντα
529 2715 661 2792 προγόνων
672 2711 716 2769 καί
729 2714 772 2769 ὑπ’
782 2714 844 2788 ἐμοῦ
857 2709 1047 2788 θρησκείαςτῆς

269 2829 281 2853 u
295 2803 375 2873 airis
390 2800 495 2868 ἐκείνοις
517 2799 667 2868 ἀξιωθέντα.
722 2798 774 2858 Καὶ
794 2805 876 2858 ταῦτα
899 2798 916 2856 ἀ
937 2799 1003 2876 μηδὲ
1023 2803 1046 2857 οἱ

268 2915 281 2942 c
292 2887 488 2966 πολεμήσαντες
499 2885 557 2954 τούς
569 2886 675 2967 ἐχθρούς
683 2886 805 2965 ἔδρασαν,
821 2891 834 2943 θ
852 2885 977 2965 συγγενὴς
994 2885 1024 2943 σὺ
1036 2933 1045 2958 ,

268 3003 281 3030 ι
295 2976 341 3035 καλ
358 2980 405 3047 τ’ής
419 2974 467 3052 μὲν
485 2977 598 3055 ἀδελφῆς
622 2979 668 3045 τῆς
686 2977 751 3050 ἐμῆς
769 2973 836 3044 υἱὸς,
855 2973 1000 3052 θυγατέροιν
1020 2972 1046 3030 δὲ

268 3091 280 3117 ι
294 3069 345 3124 τῶν
364 3066 434 3142 ἐμῶν
449 3061 528 3143 ἀνὴρ,
543 3061 611 3130 ξένος
629 3060 656 3119 δέ
676 3063 720 3119 καὶ
736 3059 851 3141 ἐφέστιος
870 3066 916 3132 τῆς
927 3065 992 3137 ἐμῆς
1010 3066 1047 3118 οῖ·

228 3169 255 3211 oo
267 3180 280 3207 a
292 3151 349 3220 κίας
361 3150 530 3230 γεγενημένος
544 3148 663 3231 ἔδρασας.
680 3177 692 3200 ν
733 3148 815 3209 Ταῦτ’
826 3148 937 3215 εἰπόντος
952 3148 1046 3208 Δαθά-

267 3263 326 3314 νου,
344 3239 470 3305 Ἰάκωθος
484 3238 657 3316 ἀπελογεῖτο,
679 3235 715 3313 μή
735 3236 806 3316 μόνῳ
821 3236 944 3315 πατρίδος
961 3235 1046 3317 ἔρωτα

267 3329 312 3387 εδν
323 3326 403 3400 Θεδν,
419 3324 487 3385 άλλά
499 3323 545 3384 καί
564 3333 644 3382 πᾶσιν
658 3325 780 3404 ἐμφῦσαι,
791 3323 837 3380 καὶ
849 3323 915 3400 μετὰ
926 3329 1046 3380 τοσοῦτον

267 3416 359 3498 χρόνον
367 3417 454 3481 καλῶς
462 3415 531 3493 ἐχειν
543 3413 614 3491 αὐτῷ
624 3413 757 3470 κατελθεῖν
770 3415 805 3478 εἰς
815 3411 924 3482 ταύτην.
939 3436 950 3460 ε
962 3411 1046 3490 Ὑπέρ

269 3504 323 3564 «δέ
343 3509 391 3576 τῆς
405 3501 478 3569 λείας
501 3493 532 3572 ἧς
548 3501 683 3578 ἐγκαλεῖς,
700 3498 787 3579 φησὶν,
809 3501 905 3556 ἀδικῶν
923 3498 999 3564 αὐτὸς
1014 3497 1045 3556 ἂν

229 3607 255 3648 ab
270 3619 282 3647 a
297 3589 424 3674 εὑρεθείης
439 3589 481 3648 ἐπ’
493 3587 565 3668 άλλῳ
588 3591 678 3666 κριτῇ·
720 3585 785 3667 ύπέρ
801 3584 852 3666 γάρ
867 3577 898 3657 ἧς
923 3589 1004 3664 ἐχρῆν
1018 3609 1047 3644 σε

268 3679 370 3760 «χάριν
391 3683 454 3755 ἡμῖν
479 3675 546 3756 ἐχειν
570 3674 617 3733 καλ
638 3674 814 3755 φυλαχθείσης
833 3672 875 3753 ὑφ’
899 3677 975 3748 ἡμῶν
1001 3673 1046 3731 καὶ

268 3797 281 3823 ι
292 3767 409 3833 πλείονος
421 3763 611 3846 γεγενημένης,
627 3760 692 3841 θπδρ
705 3761 802 3833 ταύτης
813 3763 868 3828 πῶς
885 3761 914 3818 οὐ
934 3761 1047 3841 διαμαρ·

269 3854 380 3920 ιτάνεις
396 3857 447 3912 τῶν
462 3849 567 3910 δικαίων
578 3848 746 3929 χαλεπαίνων
760 3847 834 3925 ε’μολ,
847 3851 870 3906 εἰ
885 3851 979 3925 μοῖραν
1000 3851 1048 3906 αύ-

268 3971 282 3995 a
293 3947 340 4015 τῆς
352 3939 441 4017 θλίγην
456 3936 578 4004 λαθόντες
592 3935 700 4016 ἐχομεν;
716 3935 783 4014 Περί
795 3933 882 4011 μέντοι
896 3958 925 4013 γε
940 3938 991 3992 τῶν
1004 3940 1049 3993 θυ-

230 4053 257 4093 to
271 4059 282 4084 ι
296 4029 424 4111 γατέρων,
434 4027 487 4087 ίσθι
495 4024 532 4103 μὴ
540 4023 597 4084 κατ’
604 4022 834 4104 ἐμὴνκακουργίαν
844 4023 1049 4094 ἀπαναστήσαν-

269 4148 282 4173 «
296 4142 337 4187 τος
349 4120 508 4188 ἀκολουθεῖν,
519 4111 587 4172 ἀλλδι
601 4115 662 4171 κατ’
675 4111 776 4170 εῦνοιαν
789 4110 900 4184 δικαίαν,
909 4109 1048 4187 ήνγυναιξλ

269 4236 281 4262 ιι
294 4208 420 4286 γαμεταῖς
431 4202 494 4285 πρὸς
502 4205 679 4267 συνοικοῦντας
690 4189 755 4258 εἶναι
764 4195 1049 4274 συμόέόηκεν.”Επον-

272 4319 345 4354 «ται
364 4294 448 4353 τοίνυν
464 4293 514 4370 οὐχ
530 4293 564 4356 ὡς
584 4287 642 4364 ἐμοί
659 4292 780 4346 τοσοῦτον
806 4285 865 4345 ὅσον
886 4290 938 4352 τοῖς
956 4285 1047 4345 παισίν

269 4386 403 4442 «ἑαυτῶν.
424 4407 436 4433 ν
477 4377 533 4438 Καὶ
546 4380 629 4435 ταῦτα
647 4371 693 4453 μὲν
708 4372 773 4456 ύπέρ
791 4379 837 4434 τοῦ
856 4372 935 4451 μηδὲν
950 4374 1047 4433 ἀδικεῖν

229 4489 256 4527 ab
270 4470 346 4537 αὐτὸς
357 4469 443 4546 ἐλεγε·
454 4465 639 4548 προσενεκάλει
651 4462 735 4522 δὲκαὶ
747 4461 905 4542 κατηγορίαν
917 4461 1046 4538 ἐποιεῖτο,

269 4557 309 4618 ότι
327 4557 423 4638 μητρὸς
440 4553 476 4614 ὢν
491 4553 600 4634 ἀδελφὸς
617 4555 663 4624 τῆς
677 4553 754 4608 αὐτοῦ
760 4595 768 4623 ,
783 4549 828 4608 καί
844 4547 966 4618 συζεύξας
977 4551 1048 4630 αύτῷ
1092 4572 1268 4636 qumquem
1275 4566 1464 4631 agebatgquqd,
1475 4567 1700 4627 matrissuoequum
1711 4557 1859 4614 essettrater,

270 4645 316 4712 τδις
337 4643 494 4723 θυγατέρας,
514 4640 690 4717 ἐπιτάγμασιν
712 4635 883 4719 ἐκτρυχώσειε
906 4636 1047 4714 χαλεποῖς,

271 4732 366 4792 είκοσιν
383 4734 446 4789 ἐτῶν
465 4731 573 4808 ἀριθμὸν
592 4731 618 4786 ἐν
639 4729 724 4792 αὐτοῖς
740 4723 891 4803 κατασχών.
945 4721 1000 4782 Καὶ
1015 4721 1048 4778 cd

272 4820 318 4898 μὲν
332 4817 461 4899 προφάσει
476 4820 526 4874 τῶν
539 4814 630 4894 γάμων
647 4815 691 4873 ὑπ’
701 4815 781 4873 αὐτοῦ
798 4811 941 4890 γενόμενα,
952 4808 1047 4888 καίπερ

232 4925 259 4967 ao
272 4907 334 4967 ὄντα
356 4903 474 4985 χαλεπὰ,
490 4903 631 4983 κουφότερα
649 4901 759 4982 ἐφασκε,
775 4898 855 4979 χείρω
877 4897 904 4958 δέ
924 4895 958 4955 τά
980 4895 1047 4972 μετδι

271 4994 330 5062 τούς
345 4995 459 5072 γάμους,
475 4990 520 5048 καὶ
535 4989 551 5047 ά
565 5013 603 5056 τις
616 4989 706 5071 ἐχθρὸς
720 4988 811 5069 ἔφυγεν
830 4985 872 5048 ἄν.
923 4983 978 5045 Καί
997 4980 1048 5062 γδιρ

273 5082 371 5162 σφόδρα
382 5078 532 5158 κακούργως
545 5081 559 5138 θ
574 5075 693 5144 Λάύανος
709 5074 841 5155 ἐχρήσατο
861 5075 899 5153 τῷ
916 5069 1046 5150 Ἰακώύιρ.

273 5168 358 5248 Ὁρῶν
371 5165 422 5248 γάρ
435 5168 505 5245 αύτῷ
520 5165 563 5223 τθν
579 5163 648 5225 Θεὸν
658 5162 723 5244 πρδς
734 5161 750 5221 ό
760 5185 785 5220 τι
798 5159 913 5232 θελήσειε
928 5161 1048 5235 συλλαμ-

272 5258 424 5335 όανύμενον,
436 5258 585 5332 ὑπισχνεῖτο
599 5255 650 5309 τῶν
666 5247 863 5328 τεχθησομένων
880 5250 951 5328 αὐτῷ
965 5245 1047 5325 παρέ·

684 553 692 564 ·
760 480 1045 542 ΔΡΧΑΙΟΛΟΙῚΑΣ
1068 481 1165 540 alna.
1189 484 1223 541 Α.
1246 482 1337 540 tillo.
1360 479 1410 540 ΙΘ.

1767 483 1859 562 [sem]

1095 633 1149 670 rum
1164 619 1284 684 discessu,
1299 619 1435 683 mugram
1450 621 1618 684 insequebatur
1635 634 1692 672 euro
1710 635 1768 673 euru
1787 626 1862 676 valida

1091 736 1164 773 mann
1174 737 1182 772 r
1194 728 1221 774 et
1230 725 1332 787 septima
1342 723 1381 774 die
1394 729 1537 787 assequutus
1551 729 1587 774 est
1595 738 1638 774 eoa
1648 725 1674 774 in
1692 726 1752 777 colle
1764 729 1862 791 quodam

1091 829 1277 878 castrametatos.
1311 831 1407 918 lit‘tuuc
1415 829 1752 894 quinemnncreapperente,
1761 833 1794 881 ab
1802 835 1864 883 omri

1092 933 1117 981 ri
1137 946 1163 982 se
1187 933 1315 982 continuit.
1349 936 1414 983 Deua
1431 936 1512 984 autem
1532 934 1565 983 un
1585 949 1627 997 per
1645 929 1751 998 quietern
1769 937 1863 988 adstans

1091 1038 1184 1087 monuit
1200 1042 1226 1087 ut
1240 1052 1352 1100 generum
1363 1043 1388 1089 et
1401 1039 1461 1088 tiliae
1472 1039 1551 1089 animo
1567 1040 1660 1102 placato
1679 1041 1812 1104 acciperet,
1823 1056 1866 1092 noc

1091 1142 1148 1205 quid
1158 1142 1240 1193 durius
1249 1143 1274 1192 in
1285 1157 1326 1193 eos
1340 1157 1389 1207 prae
1397 1145 1432 1193 ira
1443 1145 1590 1199 consuleret.
1600 1145 1643 1194 scd
1653 1159 1710 1195 curu
1723 1147 1813 1196 iacebo
1823 1148 1864 1196 tm·

1093 1243 1139 1294 dus
1152 1245 1245 1305 feriret,
1255 1245 1336 1296 dicens
1347 1261 1373 1297 se
1382 1247 1416 1296 illi
1434 1252 1633 1310 propugnatorem
1647 1248 1772 1310 futurum,
1783 1251 1802 1298 si
1812 1264 1865 1299 cum

1091 1361 1120 1397 eo
1128 1353 1223 1411 propter
1231 1351 1373 1412 paucitatem
1382 1356 1520 1414 contempto
1532 1365 1617 1402 manus
1626 1357 1773 1402 consereret.
1805 1357 1865 1402 ‘turn

1091 1454 1214 1516 Labanm,
1225 1468 1301 1518 quum
1311 1455 1363 1505 bec
1372 1457 1393 1506 ei
1407 1457 1594 1520 prununoiasset
1606 1461 1687 1518 Deus,
1704 1459 1813 1521 sequenti
1828 1458 1866 1507 die

1090 1559 1206 1608 iacobum
1217 1560 1247 1608 ad
1256 1561 1400 1624 colloquium
1415 1574 1529 1623 evocans,
1542 1563 1612 1624 eique
1623 1563 1745 1612 somnium
1755 1576 1863 1622 nanans,

1091 1662 1130 1711 cui
1140 1661 1212 1712 tidem
1223 1663 1313 1713 babens
1321 1664 1352 1713 ad
1360 1665 1440 1727 ipsura
1450 1666 1564 1726 veneat,
1576 1667 1651 1728 erepit
1662 1666 1731 1716 illum
1740 1679 1863 1727 accusare,

1091 1765 1236 1827 exprobrans
1259 1765 1324 1828 quod
1351 1779 1478 1829 pauperem
1498 1766 1571 1816 illurn
1588 1766 1619 1816 ad
1638 1780 1665 1816 se
1687 1768 1820 1817 venicmcrn
1840 1772 1865 1817 et

1091 1869 1198 1917 ninnium
1205 1881 1307 1930 egenum
1323 1869 1453 1931 susceperit
1465 1871 1491 1920 et
1502 1869 1532 1919 de
1547 1870 1598 1919 suis
1608 1869 1763 1920 tamitatibur
1773 1870 1864 1920 abunde

1091 1971 1137 2033 apsi
1150 1971 1314 2034 suppeditarit.
1328 1991 1340 2015 ε
1351 1975 1410 2021 ltarn
1419 1972 1480 2022 tillas
1491 1987 1566 2032 meas,
1578 1977 1679 2037 iuquit,
1693 1973 1737 2023 tibi
1746 1974 1861 2036 coniunxi,

1094 2095 1106 2118 ι
1117 2079 1203 2136 putans
1215 2075 1261 2124 boc
1272 2080 1341 2136 pacto
1358 2074 1546 2124 benevolentiam
1565 2089 1621 2137 erga
1634 2089 1680 2125 nos
1691 2081 1756 2124 tuam
1766 2077 1815 2125 tore
1826 2077 1860 2124 trr-

1093 2191 1106 2215 α
1118 2172 1225 2223 miorem.
1257 2177 1293 2224 Tu
1312 2187 1383 2236 vero,
1394 2189 1472 2238 neque
1487 2181 1554 2224 tuaru
1565 2177 1641 2239 ipsius
1656 2182 1771 2240 matrem,
1789 2192 1862 2240 neque

1093 2291 1105 2315 s
1118 2275 1279 2334 cognationem
1300 2288 1348 2337 qua
1373 2276 1430 2325 mitit
1450 2277 1591 2337 coniunctus
1613 2291 1659 2340 es,
1680 2293 1759 2342 neque
1778 2292 1862 2328 uxores

1093 2394 1106 2417 ι
1119 2387 1179 2436 quas
1186 2374 1286 2434 duxisti,
1295 2387 1374 2436 neque
1383 2375 1472 2425 liberos
1481 2389 1583 2438 quomru
1591 2391 1652 2428 arus
1661 2393 1725 2439 suan,
1738 2380 1857 2439 reveritus,

1093 2493 1105 2515 a
1117 2487 1164 2522 non
1173 2473 1242 2522 aliter
1252 2487 1325 2536 quam
1337 2474 1429 2523 bostem
1440 2487 1479 2523 rue
1491 2475 1609 2536 tractasti,
1630 2477 1694 2526 bona
1705 2477 1799 2539 quidem
1810 2490 1858 2526 mea

1093 2589 1106 2612 s
1115 2569 1243 2631 diripiens,
1258 2569 1398 2632 filiabusque
1413 2571 1546 2632 genitorem
1561 2573 1642 2632 lugere
1659 2572 1817 2636 persuadens,
1832 2585 1858 2621 ac

1093 2689 1105 2711 a
1116 2682 1182 2717 sacra
1190 2668 1263 2731 patria
1272 2674 1348 2718 tecum
1358 2667 1455 2717 domum
1465 2676 1602 2731 asportans,
1610 2685 1688 2734 quum
1697 2671 1758 2734 apud
1764 2672 1859 2732 majores

1093 2793 1104 2814 a
1116 2785 1183 2821 ruens
1195 2777 1246 2820 tum
1262 2771 1325 2834 apud
1337 2784 1376 2819 me
1390 2783 1483 2819 summa
1497 2771 1521 2820 in
1533 2773 1687 2823 veneratione
1699 2773 1784 2822 trabtta.
1812 2777 1858 2821 lrnn

1093 2892 1104 2912 a
1115 2876 1202 2932 etquae
1217 2869 1259 2918 vis
1271 2870 1345 2919 trustis
1354 2868 1417 2919 nosrt
1431 2870 1533 2930 taceret,
1543 2876 1570 2919 tu
1585 2879 1701 2934 cognatus
1715 2875 1738 2922 et
1753 2887 1766 2922 e
1781 2885 1857 2921 sorore

1093 2987 1105 3012 a
1118 2969 1215 3032 quideru
1227 2983 1316 3032 nepos,
1327 2969 1429 3018 litterum
1440 2983 1498 3020 sero
1508 2973 1621 3030 maritus,
1631 2963 1718 3034 hospes
1729 2972 1821 3034 insuper
1831 2983 1856 3018 ac

1092 3087 1104 3110 s
1117 3068 1261 3118 domesticus
1270 3069 1391 3118 convictor
1407 3069 1464 3118 mibi
1476 3069 1561 3118 iecisti.
1578 3089 1590 3112 ν
1607 3075 1689 3128 Quium
1704 3072 1754 3120 bec
1764 3070 1855 3119 dixisset

1090 3169 1214 3229 Labeone,
1229 3181 1271 3230 pro
1287 3181 1312 3217 se
1325 3167 1446 3230 respondit
1457 3151 1577 3229 iacchus,
1589 3182 1636 3218 uon
1647 3171 1692 3220 sibi
1716 3170 1802 3228 sotum,
1817 3165 1855 3216 sed

1090 3267 1217 3327 omnibus,
1230 3272 1307 3317 Deum
1318 3268 1433 3318 indidisse
1442 3268 1525 3330 patria
1533 3281 1646 3330 amorem,
1656 3279 1797 3331 equumque
1806 3277 1854 3314 esse

1092 3372 1119 3416 nt
1131 3373 1183 3430 post
1202 3371 1295 3417 tanturn
1312 3368 1427 3430 temporis
1441 3367 1472 3416 ad
1491 3380 1545 3417 eam
1562 3381 1588 3417 ae
1607 3368 1730 3431 reciperet.
1763 3384 1775 3408 ε
1792 3361 1855 3421 ΨΜ

1093 3486 1105 3510 ι
1118 3481 1173 3516 vero
1188 3467 1289 3530 praedae,
1304 3467 1394 3529 inquit,
1406 3467 1508 3517 αθαεεεε
1524 3467 1614 3517 crimen
1634 3468 1729 3531 objicis,
1741 3465 1789 3527 ipse
1801 3463 1855 3522 1⁰1⁰·

1092 3586 1104 3609 r
1117 3567 1188 3616 stitiae
1197 3565 1243 3615 sub
1250 3565 1296 3615 alio
1300 3566 1538 3625 judicedamnareris.
1545 3569 1626 3624 Quum
1635 3557 1857 3627 enimgratiannitrt

1093 3686 1106 3709 r
1117 3679 1160 3728 pru
1172 3665 1323 3715 facultatibus
1337 3665 1384 3714 tuis
1394 3666 1541 3715 conservatis
1556 3670 1581 3715 et
1596 3667 1676 3715 auctis
1691 3664 1789 3722 debeas,
1802 3672 1856 3722 quo·

1092 3785 1105 3809 r
1114 3766 1184 3815 modo
1193 3765 1243 3816 beri
1254 3767 1332 3828 potest
1349 3766 1376 3814 ut
1393 3778 1465 3828 super
1476 3765 1513 3814 bis
1525 3778 1572 3814 non
1582 3764 1678 3814 roserias
1689 3761 1811 3825 alumna,
1819 3757 1857 3820 qui

1093 3886 1106 3910 «
1117 3879 1179 3928 aegre
1195 3865 1242 3914 tera
1256 3864 1322 3927 quod
1337 3863 1454 3914 modicam
1468 3877 1551 3914 earum
1570 3866 1662 3927 partem
1680 3859 1855 3916 abstulerimus?

1094 3986 1107 4010 r
1117 3971 1187 4018 certe
1199 3965 1263 4029 qnod
1276 3965 1308 4014 ad
1321 3965 1380 4015 litias
1391 3965 1487 4026 attinet,
1499 3965 1559 4015 suro
1570 3965 1623 4014 illas
1637 3978 1687 4014 non
1696 3978 1727 4014 es
1738 3961 1798 4011 mato
1812 3957 1856 4007 mei

1094 4088 1106 4112 ι
1116 4067 1225 4117 abeuntis
1233 4066 1331 4116 consilio
1342 4079 1368 4116 se
1378 4065 1439 4115 mibi
1453 4065 1554 4114 comites
1568 4063 1637 4127 dare,
1651 4066 1695 4116 sed
1706 4077 1735 4115 ex
1744 4063 1807 4124 justa
1818 4057 1857 4106 be·

1094 4189 1107 4212 s
1118 4169 1266 4230 nevoleutia,
1278 4180 1350 4229 quarn
1360 4171 1448 4229 nuptas
1461 4166 1572 4217 mulieres
1586 4179 1641 4228 erga
1656 4179 1712 4227 eos,
1724 4161 1858 4226 quibuscum

1094 4289 1107 4313 a
1116 4270 1216 4328 rirunt,
1227 4267 1315 4317 babere
1327 4266 1435 4328 contigit.
1473 4267 1610 4326 Sequuntur
1620 4265 1694 4327 igitur
1705 4277 1751 4314 non
1760 4267 1806 4309 tam
1814 4267 1858 4314 me,

1094 4393 1107 4418 ι
1118 4386 1190 4436 qrram
1201 4373 1290 4422 bberos
1303 4385 1368 4421 suos.
1382 4391 1394 4415 ν
1410 4375 1487 4433 Atque
1498 4370 1551 4419 οπο
1561 4369 1658 4432 quidem
1672 4369 1732 4420 dixit
1745 4362 1859 4417 samem,

1093 4478 1121 4526 nt
1130 4473 1266 4526 ostenderet
1277 4486 1305 4524 se
1317 4473 1427 4536 injuriam
1439 4471 1482 4522 itii
1494 4484 1542 4520 non
1552 4470 1645 4519 iecisse.
1677 4473 1775 4529 lnsupec
1785 4464 1859 4510 autem

1069 4637 1073 4754 ί
1093 4663 1588 4734 tiliaequeconnubioaibijuunisset,duris
1597 4655 1861 4723 manusqutbusltf

1092 4769 1176 4831 rigimi
1188 4779 1263 4816 annos
1271 4765 1382 4814 detentus
1392 4763 1468 4812 tuerat
1476 4796 1484 4823 ,
1493 4773 1549 4810 eum
1559 4752 1707 4820 dontrirerit,
1739 4757 1815 4812 Atque
1823 4743 1859 4793 itte

1069 4885 1072 4926 γ
1092 4863 1202 4928 quidem,
1212 4874 1267 4924 quse
1277 4874 1309 4910 ea
1318 4873 1390 4909 marsa
1405 4861 1430 4908 et
1444 4857 1597 4908 simulatione
1607 4856 1744 4918 nuptiarum
1754 4841 1858 4897 lecisset.

1092 4958 1202 5023 quamvis
1217 4958 1310 5021 grania,
1328 4955 1417 5006 leviora
1433 4954 1544 5015 dicebat,
1557 4951 1653 5014 nuptias
1669 4961 1726 5003 vero
1740 4938 1859 5000 insequuta

1093 5057 1169 5106 multo
1197 5055 1318 5118 masura,
1344 5065 1399 5115 quae
1423 5051 1462 5100 sei
1486 5050 1597 5099 inimicus
1621 5046 1729 5110 ingres
1769 5031 1858 5087 Etenim

1092 5152 1203 5204 Labanus
1214 5149 1283 5200 rude
1300 5149 1381 5210 inique
1398 5145 1516 5196 iacobum
1527 5146 1678 5194 bonusest.
1711 5129 1857 5190 namnidans

1093 5265 1149 5302 eum
1162 5251 1187 5300 in
1196 5250 1225 5299 iis
1236 5261 1291 5311 quae
1302 5247 1400 5296 votuita
1410 5247 1461 5294 lico
1471 5243 1592 5305 adjurari,
1604 5255 1668 5291 nunc
1678 5233 1824 5303 pollicebatur
1833 5233 1857 5268 Μ
