3859 6084
72 524 191 604 (mon)

69 650 213 732 στρατηγὸν
225 648 322 715 εὐνοίας
336 645 407 715 ἀξία·
419 644 586 728 κατάμεμψίν
600 667 627 704 τε
641 648 772 704 ἐποιοῦντο
787 648 838 705 τῶν

68 740 125 820 περὶ
135 739 179 797 τὸν
190 736 326 806 Ἰωνάθην,
340 733 378 793 ὁτι
391 734 522 813 πάρεισιν,
535 734 605 793 οὐδέν
617 732 664 810 μέν
676 732 748 790 αὐτοί
760 732 840 789 κακὸν

68 824 288 904 προπεπονθότες,
300 819 484 902 ἀνατρέψοντες
496 818 523 879 δέ
531 818 565 878 τδ
573 822 675 878 ἐκείνοιν
687 818 839 899 πράγματα·

68 913 112 971 καί
129 910 334 991 παρεκελεύοντο
356 908 471 967 ἀπιέναι·
492 906 529 985 μὴ
549 906 600 986 γάρ
616 903 650 962 άν
671 928 734 965 ποτε
754 928 841 983 μετα-

45 1024 56 1060 ε
69 1004 205 1071 πεισθῆναι
215 996 365 1077 προστάτην
373 995 458 1075 ἵτερον
465 997 519 1053 ἀντ’
528 996 591 1071 ἐμοῦ
597 993 695 1053 λαάεῖν.
735 992 840 1052 Τούτων

69 1085 285 1163 ἀπαγγελθέντων
302 1107 346 1161 μοι
358 1084 491 1162 προελθεῖν
506 1084 540 1149 είς
555 1081 648 1157 μέσους
663 1082 710 1139 οὐκ
724 1078 841 1150 ὤκνησα.

69 1172 233 1233 Κατέύαινον
248 1163 292 1230 οὐν
311 1168 403 1237 εὐθέως
418 1169 493 1235 αὐτὸς
510 1169 535 1227 τί
551 1168 667 1247 λέγουσιν
683 1171 707 1227 οἱ
725 1167 785 1246 περὶ
796 1162 842 1224 τὸν

71 1259 193 1331 Ἰωνάθην
211 1257 394 1335 ἀκουσόμενος.
446 1255 623 1337 Προελθάντος
638 1254 667 1314 δέ
687 1278 736 1331 μου
755 1254 842 1335 κρότος

70 1346 141 1427 παρὰ
155 1346 255 1412 ’παντὸς
267 1350 312 1404 τοῦ
325 1343 438 1415 πλήθους
452 1344 524 1410 εὐθὺς
533 1334 574 1415 ἦν,
587 1342 631 1401 καῖ
643 1347 700 1419 μετ’
712 1344 842 1422 εὐφημιῶν

37 1454 59 1491 tc
71 1434 216 1505 ἐπιὸαήσεις
223 1433 300 1513 χάριν
309 1431 378 1511 ίχειν
388 1430 580 1508 ὁμολογούντων
589 1433 621 1509 τῇ
630 1433 681 1508 ἐμῇ
688 1428 843 1510 στρατηγία.

111 1522 163 1598 μθ.
187 1524 283 1581 Ταῦτα
297 1520 319 1577 δ’
333 1521 357 1577 οῖ
370 1518 430 1598 περὶ
443 1518 487 1576 τὸν
499 1516 621 1589 Ἰωνάθην
636 1515 771 1582 ἀκούοντες
784 1518 844 1594 ἐραν

73 1609 189 1679 ἀήθησαν
209 1605 247 1685 μὴ
260 1606 305 1665 καί
318 1605 513 1664 κινδυνεύσωσιν
525 1607 674 1678 ἀποθανεῖν,
694 1605 734 1663 ἀπ’
754 1600 845 1668 αὐτούς

72 1696 244 1777 ὁρμησάντων
256 1699 308 1753 τῶν
320 1692 467 1755 Γαλιλαίων
481 1692 549 1751 κατά
560 1692 607 1763 τλν
621 1692 684 1772 πρὸς
698 1690 744 1768 int
756 1689 844 1771 χάριν.

61 1782 195 1863 ΥΔρασμὸν
216 1774 261 1843 οὐν
280 1780 407 1841 ἐπενόουν.
454 1780 499 1850 Μὴ
514 1778 660 1851 δυνηθέντες
674 1780 700 1837 δέ
715 1779 845 1853 ἀπελθεῖν,

40 1885 62 1923 is
75 1872 240 1947 (προσμεῖναι
254 1866 304 1949 γάρ
316 1866 407 1933 αὐτούς
416 1864 536 1939 ἠξίωσα)
549 1865 703 1947 κατάφησαν
717 1864 846 1935 ἐκστησά-

74 1980 145 2032 μενοι
163 1960 202 2036 τῷ
222 1955 302 2035 λόγῳ.
344 1953 499 2033 Προστάξας
514 1944 557 2012 οὐν
575 1952 677 2031 τῷμέν
692 1951 785 2023 πλήθει
802 1950 847 2016 τδις

77 2044 202 2120 εὐφημίας
214 2042 315 2109 πάντας
332 2044 460 2121 ἐπισχεῖν,
472 2041 518 2099 καὶ
532 2044 584 2099 τῶν
598 2044 709 2099 ὁπλιτῶν
725 2036 783 2104 τούς
795 2060 847 2095 πι-

75 2130 212 2197 στοτάτους
223 2133 280 2196 ταῖς
297 2130 363 2193 ὁδοῖς
374 2126 531 2204 ἐπιστάσας,
545 2126 610 2207 ύπέρ
626 2132 670 2186 τοῦ
681 2128 799 2207 φρουρεῖν
811 2121 848 2200 μὴ

76 2217 276 2296 ἀπροσδοκήτως
287 2221 350 2293 ἡμῖν
361 2214 505 2287 ὁἸωάννης
517 2214 643 2295 ὐπιπέση,
652 2212 811 2293 παραινέσας
821 2210 848 2270 δέ

763 2298 769 2319 i

43 2320 66 2358 su
78 2305 120 2361 καὶ
132 2309 185 2371 τοῖς
206 2302 356 2379 Γαλιλαίοις
375 2300 515 2361 ἀναλαῦεῖν
527 2300 560 2359 τά
573 2301 656 2376 ὁπλα,
673 2300 710 2378 μὴ
724 2322 789 2381 προς
801 2298 849 2369 τὴν
894 2337 900 2349 ·

78 2388 165 2463 ἔφοδον
182 2396 235 2449 τῶν
250 2390 390 2467 πολεμίοιν,
404 2388 449 2447 tto
468 2387 574 2467 γένηταί
589 2411 627 2455 τις
645 2387 781 2467 αἰφνίδιος,
799 2407 849 2442 τα-

78 2482 217 2555 ραχθῶσιν,
229 2482 330 2556 πρῶτον
344 2480 390 2547 τῆς
406 2477 542 2545 ἐπιστολῆς
558 2472 615 2540 τούς
628 2474 687 2553 περί
703 2474 746 2531 τὸν
759 2471 849 2533 Ἰωνά-

684 519 740 579 rn.
761 518 918 581 rossem
940 520 1044 579 vrri.
1094 502 1098 508 '

1439 525 1536 591 [as,ss.]
1596 528 1652 580 stt

885 653 1017 703 nerotentia
1028 652 1126 715 ‹tigarm
1143 667 1149 700 :
1162 656 1188 701 et
1202 652 1329 703 inuetitum
1340 653 1440 716 elusone
1450 653 1552 715 cotteuas
1563 654 1655 705 incusa-

888 730 957 789 bant,
969 730 1033 791 qood
1046 728 1168 789 adessent,
1180 730 1246 779 onds
1260 729 1356 791 quidem
1374 730 1419 791 tusi
1435 730 1538 779 hcessiti
1556 731 1655 793 iniuria,

885 818 922 855 res
932 817 988 853 reru
997 806 1104 867 insomni
1112 804 1475 867 tundituserersurizeosquesd
1484 806 1656 856 discedendum

885 882 1187 947 trortabunturruunqusm
1203 885 1266 933 enim
1281 898 1307 934 se
1318 898 1348 934 co
1358 884 1445 935 adduci
1457 899 1528 947 posse
1544 885 1655 935 utstium
1757 888 1762 897 '

885 963 1351 1025 promescciperentquiipsisprseesset.
1383 964 1491 1012 ttismiiai
1499 964 1656 1025 renunciatis,

885 1038 943 1087 nituit
952 1038 1078 1101 quicquum
1087 1039 1194 1088 dubitari
1203 1039 1228 1088 in
1237 1040 1342 1089 medium
1355 1041 1457 1102 prodire.
1489 1044 1573 1103 ltaque
1583 1042 1657 1090 conti·

886 1132 934 1168 nuo
945 1120 996 1182 ipse
1013 1119 1185 1169 descenderam
1193 1155 1202 1180 ,
1220 1120 1346 1170 auditurus
1359 1121 1416 1183 quid
1430 1123 1545 1172 iooattras
1558 1124 1658 1183 eiusque

886 1198 1102 1261 cotiegoedicerent.
1135 1204 1192 1252 iditri
1199 1208 1277 1252 ευῑειιι
1284 1203 1308 1252 in
1318 1203 1438 1265 pubiicum
1446 1216 1570 1266 progresso
1577 1202 1657 1252 statim

886 1280 1264 1343 apoputonniversospptansum
1273 1281 1659 1343 est,taetisquesrctarnatiouibus
1767 1278 1770 1283 ’

888 1370 925 1407 mc
937 1360 1108 1423 prodicarunt,
1123 1364 1209 1425 gratiss
1222 1375 1249 1411 se
1258 1362 1346 1412 Ιιεὸετε
1357 1363 1458 1412 intentes
1473 1376 1528 1414 mco
1536 1364 1622 1413 ductui
1633 1369 1658 1412 et

888 1438 994 1499 imperio.

919 1525 956 1573 ts.
973 1526 1055 1581 Quum
1065 1530 1145 1576 sutem
1154 1527 1200 1577 ista
1217 1526 1327 1576 sudirent
1341 1528 1456 1580 iouatbas
1470 1531 1496 1578 et
1505 1528 1547 1591 qui
1561 1541 1618 1578 cum
1629 1541 1660 1577 co

888 1616 969 1675 ersnt,
979 1616 1048 1664 ratde
1061 1616 1191 1666 tinnuerunt
1201 1630 1232 1667 ne
1244 1618 1329 1668 mortis
1337 1618 1463 1668 disoeimcu
1478 1618 1585 1679 adirent,
1595 1618 1661 1668 tacto

888 1704 912 1753 in
931 1718 973 1754 eos
988 1720 1003 1754 ε
1018 1706 1123 1756 Gntitrois
1137 1707 1229 1771 impetu
1242 1709 1288 1757 mci
1300 1708 1324 1757 tn
1335 1710 1445 1770 gretiam.
1474 1712 1556 1772 iisqne
1564 1709 1596 1759 de
1606 1709 1662 1771 tuga

889 1797 1032 1857 eogitabmt.
1063 1801 1152 1848 Verum
1161 1812 1236 1862 quom
1248 1800 1314 1850 abire
1325 1814 1372 1849 nou
1380 1801 1523 1865 potuissent,
1535 1801 1662 1864 (postutsri

890 1887 990 1937 enimsi
998 1888 1088 1951 tosrsot
1097 1892 1241 1953 menereot,)
1249 1892 1327 1940 rnoesti
1335 1892 1450 1954 ruttuqne
1458 1891 1561 1941 demism
1570 1892 1664 1941 stabam

891 1978 970 2027 verbis
980 1979 1039 2027 meis
1046 1979 1148 2029 ειῖοινῖιῖ.
1179 1983 1262 2043 itique
1272 1994 1346 2043 quum
1355 1980 1502 2031 multitudini
1511 1982 1609 2043 quidem
1622 1980 1663 2030 im·

891 2080 1011 2129 remisero
1030 2074 1056 2117 ut
1070 2069 1128 2117 mitit
1144 2069 1204 2119 sdeo
1221 2070 1353 2119 acclamare
1368 2072 1465 2119 omnino
1479 2072 1629 2132 desinerent,
1640 2077 1665 2123 et

892 2156 994 2206 miiitum
1012 2158 1138 2208 fidissimos
1154 2161 1200 2208 riis
1211 2160 1240 2209 ad
1257 2174 1297 2209 ens
1313 2161 1478 2211 custodiendas
1489 2162 1662 2225 praefecissem,

893 2258 922 2295 ne
933 2259 977 2295 uns
986 2248 1136 2310 inopinantes
1146 2252 1251 2299 toennes
1260 2250 1401 2311 adoriretur,
1413 2251 1523 2300 Gatitsoos
1531 2253 1665 2302 reroetiana

893 2352 917 2387 rn
933 2338 1006 2387 armis
1021 2352 1073 2388 esse
1084 2339 1277 2402 admonuissem,
1291 2354 1322 2391 ne
1335 2341 1363 2390 ad
1376 2342 1481 2390 trostium
1496 2343 1633 2403 incursum,
1645 2346 1665 2392 si

893 2430 946 2490 quis
953 2430 1079 2493 derepente
1087 2430 1161 2493 fieret,
1174 2432 1326 2482 turbarentur
1330 2450 1339 2495 ;
1348 2433 1558 2495 orimoionattnm
1566 2424 1666 2496 ejusuoc

833 2562 849 2575 ,
893 2520 995 2583 cotteges
1004 2522 1243 2573 commonefaciendus
1251 2524 1373 2585 epistotae,
1381 2524 1581 2587 quemsdmodum
1589 2524 1618 2573 sd
1628 2538 1668 2575 rna

78 2568 124 2632 θην
136 2564 344 2639 ὑπεμίμνησκον,
359 2562 387 2621 δν
400 2561 494 2643 τρόπον
505 2559 631 2641 γράψειαν
643 2558 693 2617 int
706 2564 750 2617 τοῦ
765 2580 850 2615 κοινου
934 2612 939 2623 ,

79 2652 128 2706 τῶν
148 2650 363 2730 Ἱεροσολυμιτῶν
376 2648 541 2729 πεπέμφθαι,
560 2645 722 2712 διαλύσοντές
740 2668 790 2721 μου
804 2667 850 2709 τας

44 2760 68 2798 ic
79 2736 141 2816 πρὸς
158 2738 201 2796 τὸν
216 2737 342 2808 Ἰωάννην
357 2738 526 2818 φιλονεικίας,
543 2738 579 2801 ῶς
591 2732 802 2814 παρακαλέσειάν
818 2756 850 2809 με

80 2824 141 2902 πρὸς
155 2824 248 2889 αὐτοὺς
266 2824 412 2905 ἀφικέσθαι.
454 2823 508 2884 Καί
523 2827 603 2880 ταῦτα
624 2820 721 2889 διεξιὼν
731 2820 779 2891 ris
794 2824 867 2879 ἐπι-Δ

81 2911 172 2982 στολὴν
186 2916 223 2979 είς
241 2910 334 2988 μέσους
352 2910 510 2992 προύτεινον,
530 2908 571 2967 ίνα
592 2908 672 2985 μηδέν
690 2908 851 2989 ἀρνήσασθαι

81 2999 232 3075 δυνηθῶσιν,
241 3000 397 3079 ἐλεγχόντων
407 2999 498 3065 αὐτοὺς
512 3002 563 3057 τῶν
575 2996 745 3077 γραμμάτων.
773 3026 784 3049 ι
798 2998 851 3059 Καὶ

81 3110 93 3134 ν
106 3087 168 3164 μὴν,
193 3088 270 3167 έφην,
296 3086 405 3158 Ἰωνάθη
426 3090 498 3161 ὑμεῖς
517 3108 545 3143 τε
573 3088 597 3143 οἳ
622 3084 810 3165 συμπρέσύεις,
829 3088 851 3143 εί

47 3189 70 3227 iu
83 3198 93 3219 ι
105 3174 166 3251 πρὸς
178 3174 302 3245 Ἰωάννην
315 3172 475 3253 κρινόμενος,
490 3172 554 3253 ὑπέρ
568 3178 614 3230 τοῦ
626 3176 794 3251 παραστῆσαι
807 3173 851 3231 τὸν

84 3263 221 3335 «ἐμαυτοῦ
245 3262 309 3340 βίον,
331 3259 377 3319 δύο
396 3258 466 3324 τινάς
486 3262 503 3330 ἢ
524 3263 591 3339 τρεῖς
609 3257 741 3338 μάρτυρας
759 3259 853 3326 καλούς

83 3368 94 3396 s
108 3347 236 3425 κάγαθούς
247 3349 354 3425 ἤγαγον,
363 3349 440 3419 δῆλον
448 3350 482 3413 ὡς
492 3347 607 3423 ἀνάγκην
618 3344 650 3404 ἀν
659 3345 756 3425 εἴχετε,
766 3348 854 3425 προεξ·

83 3434 242 3502 «ετάσαντις
254 3436 299 3494 καί
312 3434 368 3501 τούς
386 3433 482 3492 τούτων
501 3434 582 3511 Ιθίους,
594 3432 742 3501 ἀπαλλάξαι
757 3457 790 3509 με
800 3438 852 3492 τῶν

84 3521 289 3598 νἐγκλημάτων.
330 3517 380 3579 'Is'
394 3511 438 3579 οὐν
452 3523 533 3597 γνῶτε
548 3519 634 3585 καλῶς
645 3519 795 3599 πεπρᾶχθαί
809 3543 853 3595 μοι

49 3621 94 3661 σοι
108 3605 140 3663 sd
156 3606 225 3667 κατά
237 3608 284 3678 τλν
297 3606 449 3677 Γαλιλαίαν,
465 3610 533 3683 τρεῖς
545 3604 591 3681 μέν
606 3604 740 3685 μάρτυρας
753 3606 852 3683 ὀλίγους

85 3719 95 3743 ε
108 3686 171 3752 εἶναι
180 3694 278 3771 νομίζω
291 3699 328 3775 τῷ
341 3696 426 3759 καλῶς
438 3692 583 3772 βεύιωκιίτι·
597 3693 701 3759 τούτους
714 3694 741 3751 δὲ
755 3694 854 3763 πάντας

85 3804 95 3829 ¹
109 3782 168 3855 ὐμῖν
182 3782 287 3859 δίδωμι.
335 3780 415 3859 ίλαρά
431 3780 529 3841 τούτοιν
544 3772 587 3838 οὐν
601 3780 710 3838 πύθεσθε
723 3778 780 3839 τίνα
794 3781 853 3861 τρό-

85 3890 154 3925 «πον
165 3868 275 3944 έόίωσα,
291 3871 313 3925 εἰ
327 3866 393 3945 μετδι
404 3867 489 3937 πάσης
501 3865 655 3943 σεμνότητος
668 3867 713 3926 καί
726 3868 813 3937 πάσης
826 3869 853 3928 δέ

86 3956 199 4032 «ἀρετῆς
215 3954 302 4014 ἐνθάδε
316 3952 514 4031 πεπολίτευμαι.
555 3953 610 4013 Καὶ
623 3952 654 4023 δὴ
667 3953 760 4033 ὁρκίζω
773 3959 853 4031 ὁμῶς,

50 4052 74 4092 ⁴0
86 4066 96 4089 ε
109 4030 130 4098 ῶ
144 4045 293 4112 Γαλιλαῖοι,
308 4041 387 4116 μηδὲν
399 4040 589 4119 ἐπικρύψασθαι
600 4045 646 4110 τῆς
659 4040 793 4113 ἀληθείας,
809 4040 854 4099 λέ-

86 4152 97 4178 a
110 4152 163 4203 γειν
178 4130 200 4189 δ’
214 4130 257 4187 ἐπὶ
269 4129 375 4200 τούτων,
387 4131 421 4193 ῶς
435 4129 572 4200 δικαστῶν,
586 4128 610 4185 εί
620 4151 644 4184 τι
655 4126 692 4204 μὴ
707 4131 792 4195 καλῶς
804 4129 853 4187 πέ-

89 4240 258 4295 superitur.»

124 4303 155 4363 ν’.
176 4302 259 4363 Ταῦτ’
271 4300 308 4360 ίτι
322 4300 440 4376 λέγοντός
452 4325 514 4377 μου,
528 4300 611 4358 κοιναί
624 4300 694 4380 παρά
711 4300 815 4361 πάντων
828 4306 854 4362 i·

87 4386 182 4461 γίνοντο
198 4389 294 4469 φωναί,
311 4388 456 4445 καλούντων
474 4386 607 4465 εὐεργέτην
630 4411 662 4463 με
678 4387 722 4445 καλ
740 4392 854 4463 σωτῆρα.

51 4492 75 4531 ιο
90 4476 141 4533 Καὶ
159 4477 218 4556 περί
237 4476 283 4552 μέν
298 4477 349 4531 τῶν
361 4472 551 4553 πεπραγμένων
567 4472 736 4552 ἐμαρτύρουν,
749 4474 808 4553 περὶ
828 4473 856 4533 δέ

88 4566 137 4620 τῶν
148 4560 369 4645 πραχθησομένων
382 4561 554 4641 παρεκάλουν.
596 4561 696 4627 Πάντες
714 4560 736 4618 δ’
753 4560 855 4637 ὤμνυον

89 4650 252 4729 ἀνυῦρίστους
263 4650 309 4726 μέν
320 4648 361 4726 ἔχε
366 4671 388 4705 ιν
397 4646 442 4714 τάς
453 4650 584 4726 γυναῖκας,
595 4650 754 4719 λελυπῆσθαι
764 4646 791 4705 δέ
805 4672 856 4725 μη-

90 4734 177 4795 δέποτε
189 4736 287 4814 μηδένα
298 4737 341 4793 ὑπ’
353 4738 426 4809 ἐμοῦ.
469 4734 544 4793 Mart
556 4741 630 4793 τοῦτο
640 4733 685 4792 δύο
694 4738 745 4792 τῶν
756 4738 857 4795 ἐπιστο·

90 4822 139 4879 λῶν
154 4830 183 4891 ἃς
194 4828 216 4882 ot
227 4820 429 4888 κατασταθέντες
442 4824 486 4878 ὐπ’
499 4824 561 4897 ἐμοῦ
569 4820 687 4901 φρουροὶ,
697 4824 857 4900 πεμφθείσας

54 4924 78 4964 to
90 4910 139 4967 ὐπὸ
158 4916 209 4969 τῶν
229 4908 289 4988 περὶ
309 4908 352 4966 τὀν
374 4908 498 4977 Ἰωνάθην
519 4906 630 4978 ἑλόντες,
650 4909 858 4966 ἀπεστάλκεισαν

90 4996 151 5075 πρὸς
175 4997 220 5074 ἐμὲ
242 4994 467 5075 παρανεγίνωσκον
489 4998 543 5061 τοῖς
568 4994 730 5065 Γαλιλαίας,
754 4997 857 5053 πολλῶν

93 5086 263 5167 βλασφημιῶν
272 5082 378 5163 πλήρεις
389 5082 435 5141 καί
443 5080 668 5163 καταψευδομένας
678 5080 718 5139 ότι
729 5082 857 5161 τυραννίδι

93 5172 189 5243 μᾶλλον
204 5170 221 5241 ἢ
238 5170 382 5249 στρατηγίᾳ
402 5173 509 5249 χρῶμαι
523 5168 581 5227 κατ’
604 5170 702 5225 αὐτῶν·
734 5162 810 5247 έτερά
829 5192 857 5227 τε

92 5257 172 5315 πολλὰ
184 5258 247 5337 πρὸς
260 5255 358 5322 τούτοις
371 5256 542 5335 ἐνεγέγραπτο
554 5252 633 5331 μηδὲν
646 5254 857 5335 παραλειπύντων

194 5370 313 5407 insumus.
326 5370 342 5404 r.

823 2643 829 2662 ι
894 2612 1046 2674 scripserint,
1058 2614 1144 2664 natssm
1162 2628 1189 2664 se
1205 2617 1354 2665 acommuni
1375 2617 1613 2679 tiierosotymitsrum
1635 2617 1667 2668 ud

893 2706 1056 2755 contentiones
1070 2721 1125 2769 qoae
1137 2708 1194 2757 mitri
1209 2722 1266 2757 coro
1276 2712 1367 2760 toanne
1378 2717 1446 2761 eram
1463 2711 1590 2779 liniendus,
1605 2716 1629 2761 et
1641 2717 1669 2761 ut

894 2803 1332 2866 meotnsecrnvertntipscsconscuire.
1363 2806 1664 2867 Hisquecomtnemoratis,

894 2897 1017 2960 epistotam
1027 2909 1106 2947 mrem
1114 2898 1173 2960 ipsis
1184 2899 1344 2961 μιοέετεὸεω,
1353 2900 1449 2963 nequid
1456 2900 1551 2951 infitiari
1558 2903 1668 2963 nossem,

895 2990 953 3039 dum
964 2992 1038 3041 titeris
1048 2992 1113 3055 ipsos
1129 3006 1289 3054 margnerem.
1323 3012 1336 3037 a
1347 2996 1432 3057 Atqui,
1441 2994 1562 3057 ciceiam,
1571 3009 1587 3045 ο
1595 2999 1668 3045 Jona-

896 3106 908 3129 «
920 3088 960 3135 tin
971 3100 1061 3149 sosque
1070 3089 1123 3149 ejus
1132 3090 1243 3152 mitegoe,
1253 3091 1273 3140 si
1283 3091 1341 3140 mitri
1351 3104 1407 3140 cnm
1418 3092 1668 3143 Jounoeoonteodenti

897 3198 908 3221 ι
921 3179 1041 3229 reddenda
1051 3183 1116 3230 esset
1124 3182 1181 3231 ritae
1192 3194 1252 3231 mean
1262 3184 1335 3243 ratio,
1347 3182 1457 3233 adductis
1467 3197 1511 3245 oro
1522 3197 1562 3233 nae
1571 3184 1666 3235 duobus

897 3292 908 3315 ι
921 3272 1028 3322 tribusve
1038 3274 1138 3323 testitum
1146 3274 1187 3336 qni
1200 3274 1244 3323 viri
1253 3279 1334 3324 essem
1343 3274 1412 3337 pmii
1424 3280 1448 3325 et
1464 3276 1572 3336 bonati,
1585 3278 1669 3338 procui

897 3384 909 3409 ι
920 3365 994 3414 dnbio
1003 3376 1100 3415 necesse
1109 3365 1207 3428 inisset,
1218 3367 1279 3416 iacto
1287 3367 1311 3415 in
1323 3366 1417 3416 ittnrnm
1429 3368 1491 3417 ritas
1502 3368 1668 3433 inquisitione,

897 3478 910 3502 a
921 3460 952 3508 ab
961 3460 1076 3509 intentato
1084 3459 1182 3509 erimine
1200 3474 1237 3509 me
1252 3460 1352 3511 εθεοῖνῖ.
1385 3464 1419 3512 ut
1428 3462 1501 3523 igitur
1515 3462 1595 3511 sciatis
1609 3464 1669 3512 bure

898 3572 910 3595 ν
922 3567 936 3603 n
948 3566 987 3603 nae
996 3554 1173 3604 administratas
1184 3568 1237 3605 esse
1248 3570 1286 3605 res
1298 3556 1416 3617 Gatitaeoe,
1426 3563 1475 3606 tres
1485 3557 1582 3619 quidem
1595 3559 1669 3605 testes

898 3662 1008 3712 «paucos
1018 3662 1077 3699 esse·
1088 3650 1191 3699 arbitror
1206 3651 1288 3721 etqui
1301 3652 1374 3701 sitam
1392 3656 1455 3702 recte
1466 3652 1608 3714 instituerit;
1625 3651 1670 3701 tros

898 3764 910 3787 ι
923 3758 980 3793 vern
996 3745 1119 3794 universos
1136 3745 1205 3795 robis
1221 3746 1324 3795 exhibeo
1339 3748 1453 3810 sisthue.
1492 3750 1576 3809 tuque
1586 3747 1616 3797 ab
1632 3746 1671 3796 tris

899 3858 911 3880 ι
924 3838 980 3887 ritu
991 3838 1179 3888 numerationem
1193 3842 1296 3901 nonum,
1307 3853 1450 3890 snooucum
1464 3842 1530 3891 omni
1547 3842 1671 3892 honestata

899 3950 911 3973 α
924 3934 996 3993 atque
1011 3931 1083 3981 etiam
1098 3932 1185 3982 virtute
1201 3932 1266 3981 onaui
1282 3932 1321 3981 tric
1340 3937 1449 3983 vasatos
1460 3934 1553 3983 tucrim.
1587 3938 1617 3983 Et
1627 3947 1671 3982 ros

898 4041 911 4065 ι
924 4036 980 4071 usne
994 4028 1106 4083 cunctos,
1122 4036 1139 4071 o
1153 4023 1257 4084 Gatitssi,
1269 4022 1353 4083 adiuro
1366 4023 1466 4085 nequid
1482 4025 1531 4073 veri
1546 4026 1671 4075 occuttetis

900 4134 912 4157 ιι
923 4118 965 4164 aut
975 4114 1147 4175 dissimutetis,
1157 4114 1200 4163 ssd
1208 4127 1289 4163 coram
1304 4115 1343 4163 tris
1354 4120 1467 4178 tanquam
1478 4116 1599 4177 judicibus
1608 4118 1671 4169 dius·

900 4228 911 4251 ι
925 4208 969 4267 tis,
979 4208 1000 4256 α’
1010 4206 1068 4268 qnid
1078 4206 1159 4256 miuus
1168 4208 1233 4256 ren
1244 4206 1335 4256 [εοιαιο
1345 4207 1424 4257 tuerit.
1437 4228 1449 4251 ε

929 4318 968 4360 so.
978 4312 1023 4361 vix
1032 4311 1076 4359 ists
1085 4310 1198 4372 loquutus
1207 4324 1357 4374 suna,qunru
1367 4326 1414 4362 nne
1420 4314 1528 4363 omnium
1537 4326 1583 4364 ron
1593 4318 1670 4366 errori·

899 4410 947 4467 tur,
963 4405 1136 4455 benetactorem
1153 4418 1192 4454 me
1207 4418 1280 4455 suum
1297 4412 1321 4455 et
1332 4412 1477 4458 servatorem
1493 4412 1670 4473 appeliantium.

899 4503 930 4551 st
938 4500 1052 4549 anteactis
1065 4499 1160 4563 quidem
1170 4502 1334 4552 testimoninm
1351 4504 1522 4566 perhibebant,
1535 4506 1559 4556 in
1574 4508 1671 4568 agendis

900 4598 1157 4648 reroadtrortabsntnr.
1190 4598 1671 4667 Affirmabantetismomnesjurejurendo

900 4706 926 4743 se
942 4706 1046 4743 uxoruna
1063 4693 1160 4756 quidem
1175 4694 1312 4756 pudicitiam
1328 4698 1418 4747 satvsm
1435 4698 1535 4759 habere,
1552 4702 1671 4751 nemiuem

900 4804 1072 4853 remnoqusm
1085 4791 1492 4856 enedotoreinjoriaresttectom.
1525 4797 1615 4846 Deinde
1623 4799 1671 4861 epi·

900 4891 973 4941 stotas
981 4890 1079 4939 ἀνισοῖ)
1085 4891 1189 4940 ioosttns
1195 4892 1293 4955 ejusque
1302 4893 1397 4955 cotlegis
1405 4895 1553 4957 decoquis
1560 4896 1671 4947 custodes

900 5004 962 5041 sure
971 4988 1092 5039 constituti
1100 4988 1242 5052 interceptas
1253 4990 1310 5039 mitri
1322 4992 1449 5053 miserant,
1461 4994 1616 5055 pmiegunm
1626 4998 1671 5046 tia·

901 5083 1491 5149 titnts,oerqnamoteoasmstsdistis,meqnetstso
1498 5088 1670 5155 insimulantes,

901 5176 963 5239 quod
972 5181 1122 5239 orntyranuo
1128 5178 1426 5242 potiusqusmduceaood
1435 5181 1544 5243 ipsosne
1553 5196 1671 5246 nerem,

902 5272 1000 5333 insuper
1009 5275 1034 5320 et
1043 5270 1089 5319 sits
1099 5270 1175 5320 mutts
1182 5270 1207 5319 in
1218 5270 1248 5320 iis
1253 5272 1381 5336 pencripu
1389 5277 1469 5335 mant,
1478 5274 1525 5325 ittis
1535 5275 1594 5325 nituit
1605 5288 1671 5326 muu-

1541 5363 1568 5403 ss
