3859 6084
67 519 161 596 θηται]

536 517 660 588 lurrp.
683 514 764 574 run.
787 515 857 576 ειν.
882 515 958 576 νιιι.
982 519 1061 576 σιν.
1083 519 1145 578 xv.

1402 519 1531 600 [ιιωιτι]
1575 534 1627 584 εει

35 657 36 668 ’
67 661 90 723 εἰς
103 652 237 736 Ἀραμαθάν
255 651 333 710 πάλιν
352 655 398 722 τῆς
419 649 616 717 Γαλααδίτιδος.
659 649 692 708 ‘0
709 649 736 708 δὲ
760 652 811 706 τῶν
855 659 955 721 derunt,
975 661 1077 723 reponte
1091 661 1349 714 Gebnditidieurbem.
1367 665 1418 714 lieu
1436 676 1493 713 tero
1509 668 1637 727 syrorum,

67 745 135 823 Σύρων
145 741 258 822 βασιλεὺς
270 737 386 806 ἀκούσας
395 741 480 797 αὗτῶν
493 737 541 810 *δν
552 738 690 814 στρατείαν
702 734 813 807 ἆντῑπθ·
857 760 937 809 eudltn
949 761 1044 811 illorum
1063 763 1224 825 expeditione,
1243 779 1314 815 soum
1327 769 1410 814 eoutm
1423 779 1464 814 ene
1478 765 1561 815 eduxit
1573 783 1639 816 exer·

34 841 39 890 l
66 855 123 908 γιγεν
135 832 214 894 αὐτοῖς
225 827 274 898 τὴν
286 831 367 884 αθτοῦ
380 823 514 905 στρατιὰν,
529 823 574 884 καλ
588 827 634 883 οὐκ
651 825 754 884 άπωθεν
768 829 813 894 τῆς

33 943 36 978 l
66 919 183 998 λραμαθῆς
196 911 442 997 στρατοπεδεύεται.
485 911 624 973 Συνέθεντο
634 911 660 970 δέ
672 910 688 970 θ
698 935 726 970 τε
735 910 813 991 Ἄχα-

33 1027 34 1032 ‘
49 1008 94 1072 νέος
105 1006 141 1064 καί
152 1003 327 1084 Ἰωσάφατος,
343 1001 483 1060 ἀποθέσθαι
497 999 541 1058 τὸν
558 999 674 1080 ’Apate
691 1003 721 1058 τὸ
737 1004 813 1080 βασι-

33 1075 34 1126 Ῑ
66 1095 114 1152 iub
127 1097 224 1172 σχῆμα,
242 1091 288 1150 τὸν
309 1090 337 1150 δὲ
360 1092 412 1148 τῶν
427 1087 615 1168 Ἱεροσολύμων
638 1087 748 1168 βασιλέα
766 1085 813 1160 τὴν

67 1187 121 1240 αὐτώ
131 1180 218 1250 στολὴν
230 1179 330 1258 ἔχοντα
345 1182 437 1249 στῆναι
453 1179 479 1235 έν
496 1181 528 1254 τῇ
546 1175 711 1256 παρατάξει,
725 1197 815 1234 κατα-

66 1269 197 1348 τιριζόμενον
211 1267 244 1324 τδι
258 1265 312 1325 ὑπὸ
326 1270 372 1324 τοῦ
385 1263 501 1343 Μιχαίου
516 1261 700 1344 προειρημένα.
742 1253 815 1344 Ηύρε

65 1361 78 1412 δ’
90 1357 152 1412 αὑτὸν
161 1355 189 1412 τὸ
203 1353 293 1434 χρεὼν
307 1353 353 1413 καὶ
375 1352 436 1431 δίχα
453 1357 498 1412 τοῦ
522 1351 668 1432 σχήματος,
712 1350 746 1410 ‘0
767 1351 814 1428 μέν

43 1447 95 1523 ιιγδρ
110 1443 208 1510 ’.λδαδος
228 1448 243 1502 ὁ
263 1446 320 1502 τῶν
345 1440 438 1520 Σύρων
462 1441 583 1520 βασιλεὺς
604 1437 814 1520 παρήγγειλττῇ

62 1539 146 1610 στρατιᾷ
153 1529 193 1587 iri
203 1533 255 1588 τῶν
265 1527 406 1606 ἡγεμόνοιν
420 1526 518 1601 μηδένα
526 1531 576 1584 τῶν
591 1527 677 1584 άλλυιν
689 1529 814 1604 ἀναιρεῖν,

61 1617 198 1693 μένανδέτδν
212 1613 328 1696 βασιλέα
344 1619 395 1673 τῶν
407 1615 590 1696 Ἰσραηλιτῶν.
631 1617 666 1674 Oi
681 1611 707 1671 δέ
722 1613 815 1693 Σύροι,

61 1711 93 1776 τῆς
114 1705 238 1782 ουμθολής
270 1703 430 1782 γενομένης,
460 1705 556 1768 ἰδόντες
584 1701 629 1760 τὸν
654 1701 817 1780 Ἰωσάφατον

28 1783 32 1791 ’
62 1797 138 1852 ἑστῶτα
144 1793 191 1870 πρὸ
204 1798 251 1864 τῆς
261 1792 363 1862 τάξεως
375 1791 419 1850 καί
430 1796 519 1850 τοῦτον
533 1789 683 1856 εἰκάσαντες
695 1779 761 1847 εἶναι
772 1811 816 1847 τον

38 1875 158 1958 ulpio,
171 1879 302 1958 ώρμησαν
318 1881 360 1937 ἀπ’
375 1878 463 1946 αὐτὸν,
479 1876 524 1935 καί
540 1874 816 1956 περικυκλωσάμενοι,

61 1971 84 2033 εἰς
94 1969 156 2046 ἐγγύς
174 1967 246 2034 ὄντες
257 1966 379 2044 ἔγνωσαν
392 1969 438 2026 οὐκ
452 1965 513 2023 ὄντα
528 1970 628 2040 τοῦτον,
649 1963 817 2043 ἀνεχώρησαν

60 2056 121 2113 ὀπίσω
140 2056 239 2122 πάντες.
284 2055 344 2114 Ἀπ’
366 2051 512 2134 ἀρχομένης
531 2053 553 2112 δ’
573 2057 633 2123 ἠοῦς
652 2053 713 2132 άχρι
733 2053 818 2122 δείλης

60 2143 114 2220 nime
124 2143 265 2222 μαχόμενοι
280 2140 328 2200 καί
341 2146 460 2208 νικῶντες
475 2141 629 2200 ἀπέκτειναν
641 2139 730 2198 οὐδένα
749 2137 817 2196 κατθ

59 2231 90 2298 τήν
102 2238 139 2290 τοῦ
150 2230 277 2309 βασιλέως
289 2228 410 2302 έντολὴν,
424 2233 559 2301 ζητοῦντες
572 2229 616 2286 τὸν
631 2223 746 2307 ἰλχαύον
758 2229 818 2284 ἀνε-

37 2317 97 2374 nitio
110 2319 179 2393 μένον
193 2317 238 2377 καλ
253 2317 341 2398 εὑρεῖν
354 2319 383 2376 οὐ
396 2315 543 2394 δυνάμενοι.
585 2319 655 2381 Παῖς
669 2313 697 2372 δέ
710 2337 747 2381 τις
767 2316 816 2392 βα-

60 2406 135 2472 σιλικός
147 2411 191 2464 τοῦ
205 2405 337 2480 Ἀδάδου,
348 2401 463 2482 Ἄμανος
475 2403 571 2480 ύνύμα,
585 2401 753 2474 τοξεύσαςείς
761 2400 819 2466 τοὺς

58 2495 183 2572 πολεμίους,
192 2493 336 2576 τιτρώσκει
343 2494 387 2552 τὀν
402 2492 510 2573 βασιλέα
522 2491 564 2551 διδ
573 2497 617 2550 τοῦ
626 2490 740 2570 θώρακος
750 2489 819 2547 κατὰ

57 2589 90 2640 τού
105 2583 249 2659 πνεύμονος.
295 2579 412 2660 ’.θχαύος
431 2581 458 2638 δέ
479 2580 509 2638 τὸ
531 2577 576 2656 μίν
594 2576 759 2654 συμὸεθηκδς
773 2578 820 2634 οὐκ

58 2669 107 2744 ίγνω
117 2673 220 2739 ποιήσαι
234 2672 274 2750 τῷ
290 2667 470 2746 στρατεύματι
486 2666 607 2748 φανερὸν,
620 2666 657 2739 μὴ
669 2667 756 2742 τραπῇ
769 2665 819 2721 δεῖ·

22 2751 101 2828 ἕιεσαν,
114 2757 153 2816 τὸν
166 2757 187 2816 δ’
200 2756 311 2835 ἡνίοχον
327 2755 460 2814 ἐκέλευσεν
475 2753 630 2833 ἐπιστρέψαι
643 2752 671 2810 ri
687 2751 760 2830 ἅρμα
772 2750 818 2809 καί

58 2845 169 2922 ἐξαγαγεῖν
179 2850 226 2916 τῆς
236 2843 339 2923 μάχης·
352 2845 476 2919 χαλεπῶς
487 2843 536 2921 γάρ
549 2841 692 2920 βεὸλῆσθαι
704 2839 749 2898 καὶ
762 2861 820 2896 και-

57 2937 107 3012 ρίως.
144 2931 327 3010 Ὀδυνώμενος
337 2929 364 2988 δέ
377 2929 438 3002 ἔστη
452 2931 495 2988 ἰπὶ
509 2935 554 2987 τοῦ
569 2929 684 3006 ἅρματος
700 2927 762 3008 άχρι
775 2925 821 2984 δύ-

57 3045 122 3088 νοντος
134 3028 175 3079 τοῦ
185 3020 263 3092 ἡλίου
279 3019 328 3079 καί
342 3017 521 3094 λιποθυμήσας
534 3015 654 3074 ἀπέθανε.

84 3111 112 3180 ς’.
132 3109 183 3170 Καὶ
200 3108 232 3167 τὸ
248 3106 299 3185 μέν
315 3110 365 3164 τῶν
383 3106 473 3186 Σύρων
494 3105 644 3184 στράτευμα
664 3103 753 3170 νυκτὸς
770 3103 820 3176 ήδη

32 3199 171 3274 εγωεμένης
184 3193 363 3277 ἀνεχώρησαν
375 3197 410 3260 τίς
421 3191 468 3266 τήν
482 3191 664 3272 παρεμβολήν,
684 3191 821 3270 δηλώφαν-

55 3285 163 3354 τοςδέτοῗι
172 3282 386 3366 στρατοκήρυκος
395 3279 434 3340 ὅτι
445 3279 566 3352 τέθνηκεν
577 3278 706 3360 Ἀχαάος,
719 3277 821 3348 ἀνέζευ·

55 3367 88 3434 Em
99 3374 130 3438 εἷς
142 3371 174 3431 τά
184 3373 253 3433 ἴδια.
302 3368 466 3447 Κομίσαντες
489 3366 516 3425 δὲ
536 3367 580 3426 τὸν
601 3365 715 3446 Ἀχτίάου
733 3367 821 3446 νεκρὸν

20 3407 21 3494 ί
55 3459 81 3525 εἰς
99 3460 249 3541 Σαμάρειαν
270 3461 326 3518 ἐκεῖ
348 3455 491 3532 θάπτουσι,
507 3455 552 3514 καί
565 3454 595 3514 τδ
612 3453 684 3537 ἅρμα
703 3455 821 3514 ἀποπλύ-

54 3551 159 3616 ναντεςέν
170 3554 204 3628 τῇ
214 3545 312 3628 Ἰζάρσγ
321 3543 403 3625 κρήνη
415 3535 456 3620 (ήν
470 3542 498 3602 δέ
513 3542 715 3623 καθῃμαγμένον
725 3545 763 3622 τῷ
776 3547 821 3601 τοῦ

30 3639 167 3712 θβτσιλέως
180 3638 264 3720 φόνῳ)
277 3638 363 3707 ἀληθῆ
376 3635 425 3706 τήν
441 3634 521 3695 Ἠλία
533 3632 693 3715 προφητείαν
706 3631 822 3710 ἀπέγνω-

55 3747 100 3787 σαν.
137 3731 172 3788 Οἱ
187 3727 236 3804 μέν
249 3725 304 3804 γάρ
314 3724 387 3792 κύνες
404 3721 615 3802 ἀνελιχμήσαντο
629 3723 708 3780 αὐτοῦ
726 3719 755 3778 τδ
774 3710 823 3778 αἷ-

56 3837 97 3886 μα,
109 3819 134 3873 αί
147 3815 174 3874 δὲ
186 3813 384 3894 ἑταιριζόμεναι
398 3816 424 3870 έν
439 3817 472 3891 τῇ
486 3811 569 3892 κρήνῃ
594 3811 624 3868 τὸ
643 3807 733 3868 λοιπὸν
747 3807 823 3866 λουό-

55 3925 115 3974 μεναι
137 3903 222 3983 τούτῳ
247 3900 391 3960 διετέλουν.
415 3898 537 3959 Ἀπέθανε
562 3897 588 3956 δέ
606 3900 632 3955 έν
655 3896 822 3972 Ῥαμαθῶνι,

55 3991 142 4068 λίιχαία
155 3997 234 4051 τοῦτο
245 3987 441 4071 προειρηκότος.
484 3985 648 4064 Συμύάντων
663 3975 706 4042 ούν
718 3981 824 4063 Ἄχάὸῳ

28 4082 94 4136 νιτιῗνν
109 4079 155 4139 lei
175 4083 229 4140 τῶν
249 4075 299 4136 δύο
314 4080 453 4158 προφητῶν
480 4073 632 4155 εἰρημένων,
653 4071 722 4150 μέγα
738 4071 778 4130 δεῖ
795 4071 824 4128 τὸ

55 4167 107 4224 θεῖον
120 4169 240 4246 ήγεῖσθαι
263 4166 311 4224 καὶ
326 4173 404 4241 τιμᾶν
423 4163 488 4222 αὐτὸ
501 4166 636 4241 πανταχοῦ
659 4159 704 4218 καί
726 4158 824 4236 σε’ύειν,

55 4255 89 4311 καί
101 4261 143 4326 τῆς
156 4255 285 4328 ἀληθείας
303 4252 340 4328 μὴ
357 4251 390 4310 nd
403 4251 467 4330 πρὸς
477 4250 571 4322 ἡδονήν
586 4250 631 4308 καί
644 4247 766 4327 βούλησιν
781 4269 824 4305 πι-

55 4343 170 4422 θανώτερα
185 4346 284 4412 δοκεῖν,
299 4338 495 4418 ύπολαμάάνειν
509 4341 531 4397 δ’
547 4338 587 4397 ὅτι
601 4336 759 4418 προφητείας
780 4335 825 4393 καὶ

56 4433 91 4500 ’.ἧς
103 4431 141 4490 bl
151 4436 204 4491 τῶν
219 4428 347 4489 τοιούτων
356 4426 526 4508 προγνώσεως
539 4425 612 4484 οὐδέν
622 4427 677 4484 ἐστι
687 4421 826 4503 συμφορώ-

29 4537 47 4572 b
57 4541 125 4596 τερον,
141 4517 306 4600 παρέχοντος
319 4515 387 4574 ούτω
405 4521 450 4574 τοῦ
470 4517 541 4576 Θεοῦ
553 4513 578 4572 τί
599 4515 637 4572 δεῖ
654 4509 826 4586 φυλάξασθαι.

57 4607 195 4682 ,λογίζεσθαί
208 4629 239 4664 τε
253 4605 334 4664 πάλιν
345 4608 376 4664 ἐκ
391 4607 443 4662 τῶν
456 4602 515 4682 περὶ
533 4601 577 4661 τὸν
592 4600 702 4680 βασιλέα
720 4621 826 4677 γεγενη-

57 4697 127 4768 μένων
141 4693 350 4777 στοχαζομένους
364 4697 482 4774 προσῆκε
500 4692 549 4764 τὴν
568 4696 614 4750 τοῦ
636 4687 720 4769 χρεὼν
737 4685 827 4767 θσχίνν,

57 4785 88 4840 ὅτι
104 4783 165 4861 μηδέ
179 4781 425 4866 προγινωσκόμενον
441 4780 505 4840 αύτδ
518 4781 651 4860 διαφυγεῖν
666 4777 746 4848 ἔστιν,
768 4777 826 4834 ἀλλ’

58 4873 185 4954 ὑπέρχεται
210 4871 260 4938 τάς
281 4869 444 4950 ἀνθρωπίνας
468 4867 554 4950 ψυχὰς
579 4865 665 4924 έλπίσι
688 4867 827 4924 κολακεῦον

29 4979 48 5012 ω
58 4967 186 5038 χρησταῖς,
202 4952 246 5027 αἷς
262 4963 296 5026 εἰς
307 4957 337 5017 τὸ
355 4958 432 5016 πόθεν
451 4960 536 5016 αὐτῶν
554 4953 680 5032 κρατήσει
698 4951 827 5032 περιάγει.

57 5051 174 5109 Φαίνεται
190 5041 237 5110 σύν
259 5047 304 5106 καί
323 5045 438 5126 ’νλχαύος
457 5045 508 5104 ύπδ
533 5044 624 5102 τούτου
647 5040 695 5113 τήν
714 5040 828 5100 διάνοιαν

857 859 946 921 citum,
957 864 982 910 et
993 874 1042 910 non
1055 861 1124 924 longe
1136 862 1168 912 rb
1180 865 1307 914 trometbe
1313 870 1392 914 melre
1402 868 1516 914 metetur.
1548 869 1640 916 conve

857 965 943 1010 nerent
953 965 1035 1011 eutem
1053 961 1166 1012 Aebtbue
1175 963 1369 1026 elemptim,
1383 969 1411 1012 ut
1422 964 1530 1013 bebltom
1545 968 1637 1028 reglum

858 1058 989 1122 deponeret
1001 1061 1127 1123 Aebnbne,
1139 1063 1359 1124 Hierosolymorum
1372 1078 1430 1116 vero
1441 1079 1482 1116 rer
1490 1068 1580 1118 Aebrbl
1597 1082 1637 1116 νε-

859 1159 942 1211 etitnrtr
953 1161 1052 1213 indutus
1059 1164 1085 1214 iu
1093 1164 1145 1214 nole
1154 1168 1240 1226 τίκτει,
1251 1167 1333 1216 ntleto
1342 1174 1478 1218 oomnrento
1489 1170 1555 1220 irrllr
1562 1171 1641 1223 lorent

859 1272 913 1321 qum
923 1260 1035 1311 lllebere
1043 1262 1192 1325 predixerat.
1202 1267 1263 1314 lium
1271 1279 1328 1315 vero
1333 1267 1407 1316 tatum
1415 1267 1583 1319 inreriteuem
1588 1271 1640 1321 eine

859 1361 1000 1422 lnelquiboe
1031 1367 1092 1413 rtem
1104 1379 1145 1414 rex
1157 1369 1272 1427 Syrorum
1285 1366 1382 1416 ldrdue
1390 1381 1433 1431 per
1442 1369 1552 1420 tribunos
1563 1372 1642 1422 militi

860 1462 906 1512 bue
916 1463 1112 1526 imperarentur
1120 1477 1193 1526 quem
1205 1467 1461 1530 omniuoperitpererrt,
1469 1471 1515 1518 niel
1522 1483 1597 1520 unum
1606 1486 1641 1522 re·

860 1575 915 1622 geru
927 1563 1096 1612 leraelilurum.
1124 1567 1177 1628 syri
1187 1573 1281 1627 eutem,
1290 1568 1371 1630 prebe
1378 1571 1641 1635 οοωωίεεομθοεορθιε·

861 1665 913 1710 tum
922 1666 978 1712 ente
986 1663 1062 1714 ocimo
1071 1669 1174 1714 etentem
1182 1667 1322 1730 ennepiuli,
1334 1669 1447 1733 bonoque
1455 1671 1579 1722 Acimbum
1588 1685 1643 1722 erte

790 1788 795 1808 ι
861 1763 919 1822 ruti,
929 1764 1047 1826 impetum
1056 1765 1080 1814 iu
1089 1778 1145 1816 eom
1158 1766 1264 1816 lecerunt
1277 1788 1283 1816 :
1295 1781 1419 1832 quumque
1428 1783 1455 1820 ee
1465 1770 1499 1820 llll
1507 1770 1642 1822 circumde-

862 1863 965 1924 dissent,
978 1865 1147 1928 propioraque
1157 1867 1214 1916 leoli
1222 1867 1296 1918 tliunr
1305 1882 1359 1918 eeee
1368 1870 1642 1932 eognorbeent,omnee

863 1973 926 2018 retro
937 1981 964 2018 se
976 1973 1124 2020 ανστιετοαί.
1139 1973 1229 2022 Verum
1245 1985 1260 2020 ε
1271 1973 1349 2036 primo
1360 1974 1412 2023 lnoe
1424 1989 1501 2038 oeque
1513 1975 1545 2025 ed
1562 1990 1644 2040 respe-

863 2083 914 2122 rem
927 2085 1005 2134 pugno
1023 2073 1125 2124 durante
1141 2075 1327 2138 rietoneqoerb
1346 2076 1393 2126 illle
1411 2081 1502 2137 eunte,
1523 2081 1644 2130 nemiuem

864 2175 1003 2224 oeciderunt
1014 2179 1086 2240 pmnt
1096 2191 1138 2226 rex
1150 2179 1365 2238 demembrent,
1383 2179 1481 2230 debebo
1501 2183 1552 2232 eolo
1563 2183 1593 2232 ed
1607 2197 1645 2233 oe·

863 2291 915 2326 cem
926 2281 1042 2342 quaesilo,
1050 2295 1095 2331 nee
1107 2287 1186 2332 tumen
1193 2284 1299 2333 intento,
1319 2287 1381 2334 Puer
1392 2291 1472 2336 eutero
1482 2286 1557 2336 idedi
1568 2288 1644 2350 regie,

865 2389 970 2433 emenus
980 2386 1090 2445 nomine,
1100 2385 1124 2434 lo
1136 2386 1217 2436 boetee
1233 2387 1365 2450 lequinius,
1375 2402 1454 2450 regem
1464 2403 1506 2452 per
1521 2391 1645 2440 tboreeem

865 2487 888 2536 in
902 2489 1014 2552 pulmone
1024 2491 1140 2542 voluerut
1158 2493 1270 2542 telmbue
1280 2499 1376 2553 eutem,
1387 2494 1452 2557 quod
1465 2495 1509 2557 ipei
1519 2496 1645 2556 recideret,

863 2593 995 2642 exereitum
1006 2595 1103 2657 quidem
1115 2595 1192 2645 celere
1203 2597 1300 2656 etttuit,
1310 2611 1340 2646 ne
1352 2603 1417 2659 terge
1429 2597 1496 2646 derel
1507 2602 1572 2648 metu
1587 2611 1640 2662 per·

865 2697 959 2757 σιιΙεαες
975 2711 1060 2746 rerum
1071 2698 1160 2760 ronige
1172 2697 1287 2762 proecepit
1302 2705 1330 2748 ut
1343 2713 1460 2749 oouremo
1477 2714 1548 2751 curru
1565 2702 1644 2765 iprum

865 2817 894 2852 ενι
908 2804 958 2852 acie
975 2802 1100 2864 erluoerel,
1117 2803 1183 2866 quod
1198 2817 1270 2866 greve
1286 2808 1313 2854 et
1330 2805 1401 2854 letale
1417 2805 1504 2855 votnm
1518 2810 1645 2870 eoeperit.

866 2911 995 2969 Qerrmque
1006 2908 1158 2967 oneraretur,
1166 2908 1273 2970 perstitit
1286 2909 1312 2958 in
1322 2921 1394 2958 αιπιι
1404 2923 1482 2973 utque
1495 2909 1526 2960 ud
1540 2912 1599 2961 tolie
1608 2927 1646 2962 oe·

866 3025 963 3072 enutrio,
975 3012 1110 3075 animeque
1122 3013 1227 3078 deliquio
1236 3015 1286 3063 vlle
1294 3013 1475 3066 detonetueeet.

898 3107 921 3150 b.
940 3105 1099 3164 uesperum
1117 3101 1215 3164 quidem
1233 3104 1356 3154 exercitur
1370 3105 1487 3168 pmoipiti
1502 3106 1553 3168 jem
1569 3106 1609 3158 dle
1622 3108 1647 3156 ln

866 3196 943 3240 erslru
956 3206 982 3241 ee
994 3193 1121 3254 recipiunt,
1128 3205 1253 3256 quomque
1262 3208 1341 3256 ptumo
1350 3195 1513 3259 eiquifireeeet,
1523 3198 1649 3248 bellabunt

868 3285 990 3328 rnortuum
999 3293 1065 3340 eree,
1074 3293 1144 3328 suum
1153 3281 1256 3343 quinque
1263 3282 1363 3333 domum
1374 3297 1484 3334 revereor
1495 3289 1541 3334 est.
1557 3285 1649 3336 lebabi

867 3376 947 3422 καίοιεν
957 3385 1043 3434 corpus
1052 3373 1180 3422 Semurium
1193 3372 1298 3423 delentur
1308 3373 1390 3437 ibique
1402 3375 1527 3438 sepelitur.
1556 3381 1647 3436 Quum·

867 3479 914 3528 que
924 3478 1010 3514 corrue
1017 3465 1047 3512 nd
1055 3468 1128 3514 luero}
1135 3466 1226 3514 sontem
1235 3466 1382 3530 ablueretur,
1389 3467 1518 3531 (enteuim
1527 3469 1590 3532 regis
1597 3483 1649 3519 een

867 3557 937 3618 qulne
944 3558 1111 3617 ementatum)
1122 3558 1182 3607 Elie
1193 3559 1332 3608 καιέσθωσαν
1341 3571 1425 3610 'mm
1439 3573 1493 3610 εσσε
1504 3575 1649 3624 τεοοςοονο-

869 3650 932 3694 runt.
966 3649 1025 3696 llere
1037 3659 1108 3694 renee
1120 3645 1218 3707 quidem
1228 3659 1338 3696 cruorem
1349 3647 1402 3708 eine
1412 3648 1516 3709 tinxere,
1532 3649 1557 3698 lu
1571 3654 1648 3713 poete·

869 3747 922 3783 ειιιιν
938 3747 995 3784 uero
1013 3747 1066 3783 toros
1080 3734 1171 3796 putrlue
1184 3740 1235 3784 erat
1253 3736 1422 3795 meretricum,
1439 3741 1467 3786 ut
1484 3737 1508 3786 in
1526 3737 1573 3786 isto
1584 3739 1651 3788 tonte

868 3837 894 3872 ee
907 3822 1022 3871 lurereut.
1033 3823 1090 3871 Vite
1098 3826 1180 3870 eutem
1190 3824 1295 3871 excernit
1305 3823 1369 3887 epod
1380 3825 1568 3886 Remollrooem,
1579 3827 1650 3887 juxte

869 3913 890 3960 ll
895 3911 977 3959 iclrmm
988 3911 1134 3959 rrlioinirrm.
1165 3915 1247 3968 Quum
1258 3912 1339 3974 iteque
1349 3911 1446 3961 lclmbo
1455 3914 1584 3964 acciderint
1595 3929 1650 3976 quie

868 3997 995 4048 nduobue
1014 3999 1111 4047 retibus
1127 4004 1195 4048 erent
1213 3998 1339 4060 predicte,
1359 4005 1483 4061 propterea
1502 4003 1544 4050 Dei
1562 4017 1650 4052 nurrreu

870 4087 949 4149 magni
964 4087 1078 4136 iaciamus
1090 4091 1198 4150 oportet,
1211 4091 1236 4136 el
1247 4087 1336 4149 ubique
1347 4090 1414 4136 omui
1431 4089 1521 4140 bonore
1539 4094 1564 4139 el
1576 4104 1649 4139 rene·

871 4175 961 4224 rollone
979 4189 1160 4238 prosequemur,
1173 4174 1355 4238 curandumque
1368 4189 1399 4228 ue
1408 4189 1464 4239 que
1475 4176 1506 4226 ud
1515 4180 1615 4239 gretiam
1626 4183 1651 4228 et

872 4264 1018 4313 voluntalem
1028 4264 1189 4326 prolernutur,
1201 4263 1285 4323 melori
1295 4263 1343 4312 lide
1352 4263 1555 4328 dignemurquenr
1563 4265 1650 4327 ipram·

871 4359 919 4402 utel
930 4351 1069 4412 veritatem,
1078 4351 1119 4400 eed
1130 4351 1295 4401 existimemur
1306 4351 1366 4402 nibil
1379 4365 1433 4401 εσσε
1442 4353 1524 4402 utilius
1539 4353 1651 4403 vaticinio

871 4453 1000 4502 rerurrtque
1014 4440 1149 4488 lulrrmrum
1169 4453 1210 4502 per
1225 4439 1364 4502 hujusmodi
1385 4439 1450 4488 vitoe
1469 4439 1582 4498 scientie,
1600 4443 1652 4491 Deo

872 4541 916 4576 nos
925 4529 958 4578 lm
970 4533 1082 4577 monente
1092 4527 1150 4590 quid
1163 4528 1245 4578 eureri
1254 4528 1348 4578 debent.
1381 4530 1445 4585 Quin
1454 4532 1479 4578 et
1487 4529 1600 4578 oourenit
1612 4535 1651 4589 ut,

872 4615 1031 4676 uonjecturom
1040 4615 1150 4664 leniendo
1160 4629 1190 4665 ex
1201 4616 1231 4664 ile
1242 4629 1297 4677 quae
1311 4615 1368 4664 bule
1379 4616 1426 4675 regi
1436 4614 1599 4677 obvenerunt,
1610 4631 1652 4666 uo·

873 4704 965 4752 bimum
980 4708 1119 4766 reputemus
1131 4703 1172 4752 leti
1186 4703 1249 4763 rim,
1260 4703 1339 4765 qnod,
1357 4703 1450 4753 eliumel
1466 4703 1536 4753 nobis
1551 4705 1610 4768 quid
1621 4707 1653 4756 eit

873 4791 982 4840 tutorum
992 4791 1139 4850 innotescet,
1151 4791 1236 4840 erittri
1246 4796 1350 4852 nequent
1362 4806 1368 4840 :
1381 4791 1424 4840 ted
1433 4793 1520 4841 enitnis
1528 4793 1653 4842 bominum

873 4879 968 4941 obrepit
982 4877 1069 4927 blande
1078 4891 1121 4942 epe
1130 4891 1172 4928 eoe
1190 4878 1344 4941 demulcent,
1354 4879 1431 4930 donee
1444 4893 1473 4929 eo
1489 4882 1654 4943 pertrrlrentur

875 4967 915 5016 nbi
927 4966 1032 5030 superori
1041 4967 1140 5030 possint.
1177 4965 1304 5018 llenlleeto
1321 4969 1392 5031 igitur
1407 4969 1438 5018 ub
1449 4981 1477 5018 en
1494 4971 1532 5019 eet
1542 4970 1654 5021 Aelubue

875 5059 955 5105 ruente
975 5055 1102 5117 deeeptus,
1119 5060 1161 5116 ul,
1179 5056 1238 5104 drrm
1259 5056 1351 5108 cladem
1367 5057 1585 5120 prenunclentibue
1606 5073 1653 5109 uon

60 5139 201 5208 ἱτατηθείς,
223 5135 293 5194 ὥστε
309 5139 452 5206 ἀπιστῆσαι
471 5133 518 5211 μὲν
540 5137 593 5199 τοῖς
610 5127 766 5211 προλέγουσι
782 5127 829 5200 τὴν
875 5144 1288 5209 crederet,iieveroqnitdqrntiem
1297 5145 1483 5208 aucupandum
1495 5147 1654 5196 rubeionbrn·

61 5216 139 5298 ίτταν,
152 5231 206 5292 τοῖς
223 5221 254 5282 δέ
272 5221 305 5282 τά
325 5220 388 5303 πρὸς
404 5221 482 5300 χάριν
502 5219 698 5301 προφητεύσασι
717 5217 831 5284 πεισθείς
876 5231 915 5275 νινε
926 5225 998 5276 iidem
1008 5224 1115 5284 lrabeet,
1125 5226 1199 5275 vilem
1210 5228 1339 5279 nmilterel.
1365 5229 1654 5291 celerrimeilnrepnuru

60 5315 197 5386 ἀποθανεῖν.
240 5314 338 5372 Τοῦτον
350 5309 396 5389 μέν
409 5305 453 5368 σύν
463 5313 476 5369 θ
486 5318 547 5376 παῖς
557 5307 677 5387 Ὀχοζίας
691 5305 828 5376 διεδέξατο.

875 5314 992 5366 suecessit
1005 5314 1199 5364 οο1ιοαίεεθθίιιε.
