3859 6084
52 512 148 587 (iope)

50 641 114 720 θιρινε
127 639 167 697 τὸν
179 637 289 713 Ἀμάνην
300 636 317 707 ἣ
328 641 360 717 τῇ
373 637 440 695 aeti
454 640 625 719 ,Μαρδοχαίου
638 641 794 720 νενοπμίνη,

51 730 83 785 ναὶ
94 724 180 784 κελεύει
192 729 354 805 παραχρῆμα
369 725 445 784 αὐτὸν
463 724 490 793 ἐξ
511 727 609 785 ἐκείνου
623 734 668 786 τοῦ
683 734 794 809 σταυροῦ

50 812 249 893 θνατρεμααθίντα
265 813 414 873 ἀποθανεῖν.
453 810 533 872 Ὅθεν
555 812 693 892 ἐπέρχεταί
707 836 751 891 μοι
765 815 795 873 τὸ

50 902 99 958 θεῖον
109 899 238 974 θαυμάζειν
254 899 299 959 καί
314 898 363 969 τὴν
378 897 469 979 σοφίαν
482 900 559 957 αὐτοῦ
571 899 616 958 καί
631 900 795 971 δικαιοσύνην

38 987 236 1064 νναταμανθάνειν,
264 986 301 1063 μὴ
328 986 406 1062 μόνον
427 987 473 1057 τὴν
500 986 611 1062 Ἀμάνου
637 987 795 1056 κολάσαντος

50 1075 159 1153 πονηρίαν,
181 1073 247 1131 elib
268 1074 314 1132 καὶ
331 1077 378 1145 τὴν
399 1074 457 1131 κατ’
471 1074 551 1132 ἄλλου
573 1074 796 1154 μεμηχανημένην

50 1161 159 1238 τιμωρίαν,
171 1159 268 1230 ταύτην
289 1159 387 1219 ἐκείνου
407 1160 562 1233 ποιήσαντος
582 1152 664 1236 εῖναι,
685 1162 796 1227 καὶτοῖς

51 1250 115 1312 dalea
132 1248 217 1323 μαθεῖν
230 1246 299 1306 οὕτω
317 1248 362 1306 καὶ
379 1253 476 1325 γνῶναι
494 1249 707 1328 παρεσχηκότος,
725 1251 760 1313 ὡς
779 1248 796 1305 ά

51 1338 92 1391 καθ’
103 1334 180 1412 ἑτέρου
188 1358 225 1400 τις
233 1334 432 1415 παρεσκεύασε,
444 1342 526 1393 ταῦτα
537 1338 657 1395 λανθάνει
668 1338 725 1394 καθ’
734 1338 795 1393 ίαυ·

38 1427 81 1477 ter]
92 1425 180 1500 πρῶτον
192 1422 408 1498 ἑτοιμασάμενος.

79 1508 114 1569 ιδ’.
127 1508 232 1583 Ἀμάνης
245 1506 294 1585 μὲν
308 1500 352 1567 σόν
364 1506 504 1589 άμενρήτῳ
518 1513 550 1587 τῇ
572 1507 645 1589 παρὰ
661 1513 707 1566 τοῖν
720 1512 796 1586 βασικ

51 1592 96 1659 λίως
112 1596 233 1676 χρώμενος
249 1600 315 1674 τιμῇ
327 1601 417 1654 τοῖιτον
431 1596 554 1676 διεφθάρη
571 1597 615 1654 τθν
628 1595 736 1674 τρόπον·
750 1594 798 1664 τὴν

52 1682 153 1740 eduin
164 1686 240 1743 αὐτοῦ
254 1683 399 1764 ἐχαρίσατο
411 1708 444 1762 τη
460 1684 609 1764 βασιλίσσῃ.
629 1686 798 1763 Μαρδοχαῖον

52 1767 316 1848 άτροακαλεσάμενος,
328 1770 387 1846 (καί
399 1770 450 1849 γδιρ
462 1772 590 1842 ἐδήλωσεν
598 1772 668 1851 αὐτῷ
679 1770 726 1840 τὴν
736 1769 798 1848 πρὸς

38 1857 106 1913 roias
118 1859 256 1934 συγγένειαν
274 1858 407 1939 Ἐσθήρ,)
422 1858 449 1917 ὃν
468 1858 562 1917 ἔδωκεν
583 1858 681 1933 Ἀμάνη
704 1856 797 1915 δακτό·

51 1944 96 2013 lucr,
106 1952 185 2002 τοῦτον
200 1946 368 2025 Μαρδοχαίῳ
387 1946 485 2005 δίδωσι.
526 1951 654 2023 Δωρεὶται
673 1946 700 2002 δὲ
715 1942 759 2002 καί
781 1947 798 2013 i,

54 2031 165 2103 Ιθταιλιτσα
186 2032 350 2113 Μαρδοχαίῳ
364 2031 410 2105 τὴν
421 2032 532 2109 Ἀμάνου
545 2038 645 2103 κτῆσιν,
658 2033 703 2089 καὶ
717 2033 799 2089 δεῖται

52 2123 83 2172 τοῦ
96 2120 209 2193 βασιλέως
225 2119 378 2187 ἀπαλλάξαι
392 2126 437 2179 τοῦ
452 2120 512 2199 περὶ
527 2124 572 2188 τῆς
586 2124 652 2189 ζωῆς
671 2118 752 2197 φόόου
770 2117 800 2175 τό

39 2287 40 2290 γ
53 2207 88 2259 :ir
95 2206 211 2264 Ἰουδαίων
224 2207 308 2279 ἔθνος,
322 2210 435 2279 δηλοῦσα
448 2206 480 2263 τά
492 2208 621 2287 γραφέντα
634 2206 701 2263 κατὰ
712 2216 799 2262 πᾶσαν

53 2292 85 2358 rip
96 2294 172 2370 χώραν
185 2295 234 2352 tri
248 2296 274 2354 Ἀ
280 2294 364 2371 μάνου
383 2302 427 2353 τοῦ
440 2295 601 2369 Ἀμαδάθου·
617 2298 662 2363 τῆς
680 2291 730 2371 γάρ
752 2316 800 2348 πα·

39 2377 113 2453 :sodor
125 2385 196 2451 αὐτῆς
210 2383 395 2462 διαφθαρείσης
412 2382 456 2440 καὶ
478 2386 528 2439 τῶν
544 2382 681 2461 ὁμοφύλων
700 2381 799 2437 ἀπολο-

39 2455 126 2540 ίμένων,
145 2471 188 2527 οὐκ
201 2468 231 2527 ἂν
253 2470 393 2545 ὑπομένειν
415 2471 458 2527 τ’σν
475 2470 537 2549 βίον.
581 2468 613 2526 ‘tl
634 2470 661 2525 δὲ
681 2467 800 2546 βασιλεθς

56 2555 154 2630 ‘stirpare
174 2554 252 2630 μηδὲν
264 2556 348 2636 άχαρι
371 2560 436 2635 αὐτῇ
457 2554 661 2630 ἐσπουδακέναι,
684 2558 747 2632 μηδ’
765 2546 801 2620 οῖς

57 2640 148 2711 Ιθεόλεται
157 2644 266 2702 ἐναντίον
279 2644 398 2702 ἔσεσθαι·
411 2646 517 2724 γράφειν
527 2644 553 2701 δὲ·
564 2642 709 2721 διβοόλεται
720 2664 801 2718 προσ·

38 2723 107 2791 ilaris
118 2731 170 2807 περὶ
183 2735 232 2787 τῶν
245 2731 379 2792 Ἰουδαίων
394 2733 492 2802 ἐκείνην
507 2736 536 2789 ἐκ
547 2738 591 2788 τοῦ
605 2730 731 2809 βασιλέως
745 2731 800 2786 ὀνό-

56 2836 127 2887 ματος,
140 2818 181 2874 καὶ
194 2820 385 2896 σημηναμένην
403 2822 480 2877 αὐτοῦ
499 2824 530 2897 τῇ
553 2819 672 2897 σφραγῖδι
689 2818 801 2892 πέμπειν

56 2900 79 2962 ῑῖς
93 2912 166 2960 πᾶσαν
183 2907 228 2975 τὴν
249 2906 396 2984 βασιλείαν·
424 2907 482 2972 τοὺς
506 2906 556 2983 γάρ
577 2902 801 2981 ἀναγνωσομένους

39 3043 40 3068 ,
55 2985 87 3050 ³33
97 2990 138 3046 iri
151 2998 192 3049 τοῦ
208 2996 345 3072 βασιλικοῦ
358 2998 521 3071 σημαντῆρος
535 2990 732 3070 ἠσφαλισμένας
746 2994 800 3047 ἐπι·

39 3071 40 3120 ἕ
57 3074 125 3139 στολάς
137 3077 202 3135 οὐδὲν
215 3080 276 3157 περὶ
295 3083 347 3137 τῶν
365 3077 581 3157 ἐγγεγραμμένων
596 3077 800 3136 ἐναντιώσεσθαι.

38 3158 263 3246 θλλεταπεμφθίντας
275 3156 323 3222 oda
334 3164 392 3230 τοὺς
407 3163 554 3244 βασιλικοὺς
565 3172 728 3244 γραμματεῖς
745 3161 801 3221 ἐκέ·

57 3244 112 3303 leurs
122 3252 221 3332 γράφειν
233 3256 288 3319 τοῖς
303 3253 399 3311 ἔθνεσιν
414 3252 478 3331 ὑπὲρ
492 3257 544 3310 τῶν
560 3249 700 3321 Ἰουδαίων,
712 3254 763 3315 τοῖς
775 3273 802 3307 τε

57 3333 169 3412 0θθνίμοις
181 3342 224 3398 καὶ
247 3342 385 3421 ἄρχουσιν,
401 3341 454 3399 άπὸ
469 3341 576 3407 Ἰνδικῆς
589 3340 636 3403 ἕως
651 3344 697 3409 τῆς
712 3342 796 3398 »libro

58 3422 113 3495 ἒῖεε,
125 3427 208 3485 ἑκατὸν
221 3430 267 3486 καὶ
288 3430 438 3486 εἰκοσιεπτά
458 3432 621 3507 σατραπειῶν
643 3424 802 3500 ἡγουμένοις.

57 3505 86 3562 ll
97 3509 118 3567 δὲ
131 3514 255 3591 γραφέντα
269 3521 363 3573 τοῦτον
376 3505 430 3594 εἶχε
446 3516 489 3573 τὸν
505 3514 607 3595 τρόπον.
648 3540 659 3562 ν
679 3511 804 3578 Ιθασιλεθς

38 3601 65 3644 ⁸¹
75 3595 139 3671 μέθες
146 3601 315 3685 Ἀρταξέρξης
325 3611 378 3669 τοῖς
388 3604 497 3683 ἄρχουσι
512 3602 557 3661 καὶ
568 3602 602 3659 τά
614 3599 728 3677 ἡμέτερα
740 3624 801 3680 φρο-

58 3689 132 3741 Ιννθτι
143 3692 247 3770 χαίρειν.
294 3691 393 3751 Πολλοὶ
411 3691 454 3748 lai
475 3690 579 3767 μέγεθος
594 3687 739 3767 εὐεργεσίας
759 3687 804 3744 καὶ

58 3776 145 3844 menig,
157 3777 187 3844 ἣν
200 3779 232 3833 δι’
247 3775 396 3855 ι’νπερὸολὴν
411 3782 457 3847 τῆς
469 3776 645 3855 χρηστότητρς
655 3779 706 3832 τῶν
720 3796 803 3853 παρε-

59 3858 156 3930 *persoir
164 3865 331 3943 dampnabitur),
342 3867 387 3921 οιίκ
398 3866 433 3929 εἰς
444 3863 503 3925 τοὺς
516 3861 712 3940 ὑποδεεστέρους
727 3862 803 3936 μόνον

59 3943 233 4026 Εἰ’ἔνθρίζουσιη
247 3952 309 4009 ἀλλ’
329 3951 381 4009 οὐδ’
395 3950 487 4016 αὐτοὺς
501 3952 598 4008 άδικεῖν
611 3948 730 4019 ὤκνησαν
748 3947 805 4014 τοὺς

38 4032 263 4111 antepositae,
281 4038 312 4097 τὸ
330 4038 484 4119 εὐχάριστον
511 4038 537 4104 ἐξ
567 4036 708 4116 ἀνθρώπιον
733 4039 805 4093 eirar-

59 4126 172 4195 «ροθντες,
184 4126 228 4185 καί
239 4126 273 4184 δι’
291 4126 479 4205 ἀπειροκαλίαν
496 4128 547 4182 τῶν
561 4126 608 4183 οὐκ
621 4122 648 4190 ἐξ
661 4115 697 4181 ὧν
707 4146 805 4202 προσε-

60 4205 171 4277 ’θόκησαν
186 4215 290 4291 άγαθῶν
304 4212 381 4294 κόρον
392 4217 429 4278 εἰς
443 4212 502 4279 τοὺς
514 4210 610 4277 αίτίους
621 4210 727 4283 ἀφέντες
737 4254 745 4283 ,
757 4209 805 4279 λή-

61 4316 68 4337 ·
79 4301 150 4353 aaron
160 4298 189 4356 τ“ο
197 4304 262 4358 θεῖον
273 4299 317 4359 ἐπὶ
327 4298 425 4363 τούτοις
436 4298 568 4375 νομίζουσι
575 4297 620 4355 καὶ
629 4297 676 4366 τὴν
689 4297 715 4363 ἐξ
726 4298 805 4353 αὐτοῦ

61 4378 236 4461 Ιδιαφεύξεσθαι
259 4388 344 4459 δίκην.
385 4385 470 4447 Ἔνιοι
491 4383 518 4443 δὲ
532 4382 628 4442 τούτων
644 4381 805 4461 προστασίαν

38 4480 69 4520 Ι·
79 4473 219 4545 πμιγμάτων
233 4473 419 4553 ἐπιτραπέντες
432 4472 505 4552 παρθι
514 4476 564 4529 τῶν
580 4472 660 4551 φίλων
675 4471 720 4527 καὶ
732 4478 806 4544 μῖσος

62 4576 69 4595 ·
79 4553 128 4612 ἴδιον
141 4559 235 4638 ἔχοντες
246 4563 311 4640 πρός
322 4584 407 4632 τινας,
421 4559 662 4638 παραλογισάμενοι
672 4557 731 4623 τοὺς
742 4580 807 4635 κρα-

62 4647 179 4721 «cunae,
192 4650 310 4729 prulleio
322 4649 416 4713 αἰτίαις
425 4648 468 4706 καὶ
482 4646 614 4711 διαόολαῖς
625 4646 730 4702 ἔπεισαν
740 4642 807 4701 κατά

62 4731 147 4799 *iffi*
160 4736 319 4805 ἠδικηκότων
340 4735 418 4815 όργην
437 4733 586 4803 άναλαόεὶν,
607 4733 648 4811 ὑφ’
662 4724 692 4801 ἧς
706 4729 806 4789 ἐκινδύ-

63 4834 155 4875 *leucos
168 4822 316 4881 ἀπολέσθαι.
357 4826 443 4881 Τοῦτο
458 4819 486 4878 δὲ
498 4823 544 4878 οὐκ
555 4823 585 4878 ἐκ
599 4824 649 4877 τῶν
668 4818 806 4898 ἀρχαιοτέ-

39 4906 71 4947 ¹⁸¹
82 4922 121 4975 ρων
132 4908 179 4965 οὐδ’
190 4912 253 4987 άκοῇ
267 4907 405 4987 γνωρίμων
415 4908 477 4984 Ιημῖν
489 4908 568 4973 οὕτως
581 4907 642 4964 ίδεῐν
658 4908 726 4963 ἐστιν
737 4903 807 4982 ἔχον,

63 5010 71 5030 ·
83 4990 128 5045 ἀΜ’
140 4996 166 5050 ίκ
175 5000 224 5053 τῶν
235 4994 308 5075 παρά
318 4996 364 5062 τάς
374 4995 501 5075 ἡμετέρας
514 4994 584 5073 dier<
595 4989 807 5066 τετολμημένων·

64 5076 110 5139 ’θα
121 5080 242 5149 διαόολαῖς
256 5084 303 5160 μὲν
318 5087 363 5140 καὶ
377 5082 544 5161 κατηγορίαις
558 5080 594 5156 μὴ
615 5078 753 5158 προσέχειν
770 5076 808 5134 ἔτι

65 5168 119 5219 ’ῑῠῦ
130 5167 230 5247 λοιποῦ,
244 5170 305 5246 μηδ’
320 5162 357 5236 οἷς
370 5170 452 5247 ἕτεροι
463 5167 558 5226 πείθειν
571 5169 743 5246 ἐπιχειροῦσι,
751 5164 806 5242 κρί-

66 5269 126 5305 ·νειν
138 5253 162 5312 di
176 5255 221 5315 ὅσα
236 5282 273 5325 τις
287 5257 364 5324 αὐτὸς
374 5248 426 5315 οἶδε
437 5253 622 5336 πεπραγμένα,
636 5253 681 5312 καί
692 5252 808 5319 κολάζειν

549 510 675 585 lll'le.
698 511 777 572 llll).
797 512 869 573 llll.
890 514 942 573 xl.
963 514 1043 574 CAP.
1067 515 1115 573 Vl.

1387 518 1509 595 [usupra]
1552 528 1610 587 ⁴25

841 652 1158 715 excogitauerat,iuasitque
1170 657 1194 702 ut
1205 666 1219 703 e
1231 654 1329 715 restigio
1342 654 1372 705 de
1381 668 1452 707 cruca
1461 657 1506 707 ista
1516 671 1609 720 strepeti·

837 763 986 809 srrsmortenr
995 760 1080 811 obiret.
1113 761 1180 811 Unde
1191 762 1249 810 milri
1261 762 1410 813 nulritmlrari
1421 764 1462 813 Dei
1473 778 1574 825 numen,
1587 771 1611 815 et

838 866 977 927 sapientiam
989 867 1040 929 ejus
1049 872 1073 916 et
1082 868 1198 928 iristitiam
1211 869 1248 918 rel
1256 883 1285 919 ex
1298 870 1343 919 lroc
1355 884 1402 919 rruo
1416 871 1538 933 colligere,
1547 872 1613 935 quod

839 987 885 1022 nuo
896 974 974 1024 εοθυιιν
987 978 1084 1027 λουσιν
1094 976 1268 1039 improbitatem
1280 978 1384 1029 alleceril
1394 980 1524 1043 supplicio,
1538 983 1579 1031 sed
1589 988 1612 1032 et

838 1078 922 1129 eudem
933 1094 1018 1143 poena,
1030 1083 1099 1143 cujus
1111 1083 1134 1131 iu
1143 1082 1216 1133 aliurn
1227 1084 1310 1135 artilex
1320 1086 1410 1146 irroret,
1421 1086 1499 1149 ipsum
1511 1088 1612 1150 plecteo·

839 1185 897 1235 dum
911 1200 964 1235 esse
973 1188 1104 1249 curaverit,
1119 1192 1191 1251 atque
1204 1190 1257 1239 aliis
1270 1190 1314 1239 troc
1325 1191 1349 1239 in
1358 1190 1528 1243 documentum
1543 1195 1612 1244 derle·

840 1294 879 1354 rit,
887 1294 951 1356 qood
960 1308 1015 1358 qrrae
1025 1296 1047 1345 io
1059 1297 1160 1347 alterurn
1172 1298 1226 1359 quis
1236 1298 1354 1358 moliatur,
1364 1310 1391 1347 ea
1406 1300 1482 1362 primo
1491 1300 1581 1351 inscius
1590 1303 1612 1350 io

841 1418 867 1453 se
878 1405 956 1468 ipsum
970 1406 1096 1467 paraverit,

873 1525 909 1567 tt.
927 1522 957 1567 Et
967 1525 1069 1569 Amaues
1086 1520 1184 1583 quidem
1196 1535 1239 1580 eo,
1252 1534 1346 1585 quenra
1362 1536 1414 1583 rege
1424 1528 1556 1585 acceperat,
1573 1524 1613 1573 Ιιυ-

841 1627 897 1661 nore
907 1614 1060 1665 immoderate
1070 1616 1172 1676 ebrosus,
1186 1618 1231 1665 lroc
1242 1616 1314 1665 modo
1325 1618 1393 1680 periit
1404 1634 1410 1665 :
1422 1619 1474 1679 ejus
1487 1632 1541 1667 uero
1556 1632 1614 1681 oper

841 1714 865 1757 et
876 1710 1001 1761 facultates
1012 1725 1060 1761 ruo:
1071 1714 1156 1774 νομίσειε
1165 1713 1237 1763 dedii.
1255 1714 1345 1764 Deinde
1354 1728 1428 1777 qrrrrm
1440 1714 1613 1767 mardocheum

841 1808 871 1857 ad
882 1822 909 1857 se
923 1808 1060 1868 accivisset,
1071 1812 1183 1871 (namque
1193 1808 1336 1859 indicaverat
1346 1810 1392 1871 regi
1409 1812 1491 1861 Eatlrer
1504 1826 1559 1875 qrrre
1569 1813 1613 1861 eibi

842 1900 1614 1965 mameointercederetnecessitudo,)querrrturanidederatannu·

843 1997 905 2055 Ιιιιιι,
915 1999 978 2046 Ιιιιιιυ
992 1998 1140 2047 θΙυνιΙυοΙιπο
1150 1997 1255 2047 tradidit
1287 2001 1360 2048 l’urro
1372 1999 1443 2048 otiam
1455 2001 1531 2062 regina
1540 2002 1561 2051 ei
1571 2003 1616 2051 lar·

842 2089 888 2149 gila
896 2094 931 2137 est
939 2090 1098 2151 possessiones
1115 2090 1223 2148 amantis,
1233 2088 1327 2151 regique
1337 2091 1478 2151 supplicarit
1488 2096 1514 2141 ut
1522 2092 1616 2142 lrrdaeu·

844 2199 895 2233 rurn
907 2189 1000 2245 gerricus
1010 2186 1075 2233 omui
1087 2186 1142 2235 rite
1157 2184 1254 2247 periculi
1263 2185 1372 2234 liberaret
1388 2192 1466 2245 melu,
1483 2194 1538 2236 nuto
1551 2190 1570 2237 ei
1583 2190 1616 2237 la·

843 2275 907 2324 ciens
929 2290 983 2336 ηινο
1003 2290 1044 2337 per
1061 2290 1143 2325 omnes
1164 2276 1269 2337 regiones
1292 2278 1378 2339 scripta
1399 2278 1495 2327 miserat
1515 2285 1616 2329 rimantes

845 2373 982 2423 arrrarlatluu
998 2372 1060 2421 lilius
1073 2391 1079 2420 ι
1093 2386 1147 2419 narn
1171 2372 1245 2435 patria
1263 2346 1306 2420 eda
1323 2372 1352 2419 ad
1374 2374 1506 2421 rastitalem
1524 2374 1616 2423 redacta

844 2464 941 2525 surisque
951 2462 1103 2525 pilosioribus
1116 2462 1243 2525 prercurptis
1254 2462 1326 2511 ritarn
1339 2463 1382 2509 sibi
1395 2477 1440 2511 nou
1454 2465 1547 2512 ribrlern
1559 2468 1616 2513 iure.

844 2561 904 2607 Turn
915 2560 935 2605 ei
952 2573 991 2605 τοι
1006 2558 1124 2619 pollicitus
1136 2566 1172 2605 est
1183 2572 1209 2605 se
1219 2557 1275 2605 nilril
1288 2557 1351 2619 quod
1362 2558 1406 2621 ipsi
1417 2558 1550 2619 ilisprlicerel
1560 2561 1614 2609 data

845 2664 915 2713 opera
927 2652 1042 2699 iacturum
1052 2664 1118 2708 esso,
1136 2664 1211 2711 raeque
1225 2650 1339 2699 rolrrrrtali
1355 2651 1407 2710 ejas
1421 2656 1503 2699 corrtra
1515 2652 1615 2710 iturum,

843 2747 961 2807 jussitque
977 2746 1007 2795 de
1022 2746 1110 2795 ludais
1123 2747 1225 2793 scribere
1242 2746 1306 2807 qururl
1322 2746 1366 2795 sibi
1381 2749 1457 2794 visunt
1470 2748 1539 2795 irrerit
1554 2750 1617 2807 rogis

845 2837 1078 2897 rmrrrirre,ipsiusque
1088 2836 1165 2896 sigilio
1177 2836 1293 2895 signatum
1306 2850 1345 2897 per
1353 2850 1422 2884 οινιινε
1430 2836 1555 2898 imperium
1564 2836 1616 2884 irrit-

846 2932 942 2982 tendum
953 2946 1036 2981 curare
1047 2947 1053 2979 :
1064 2933 1181 2979 nominum
1193 2931 1269 2989 cuim,
1280 2931 1392 2992 epistulas
1401 2931 1464 2991 regio
1479 2930 1554 2992 sigilio
1567 2944 1617 2978 mu·

846 3026 907 3072 rrius
918 3024 1042 3083 lecturum,
1053 3024 1081 3071 iis
1093 3036 1147 3083 quoe
1157 3026 1241 3082 scripio
1254 3022 1340 3071 l'ucriot
1351 3023 1386 3070 ret
1398 3022 1521 3071 minimum
1537 3024 1618 3069 arlrrr·

846 3119 951 3163 sotrrrrrrn
963 3128 1023 3163 essu.
1056 3114 1143 3161 Scribis
1154 3114 1233 3175 itaque
1246 3112 1315 3171 regiis
1326 3112 1446 3161 accersitis
1462 3114 1573 3175 pracepit
1584 3112 1618 3161 eis

847 3223 888 3270 pro
898 3207 987 3256 induis
1003 3207 1105 3255 seribere
1115 3205 1144 3253 ad
1158 3208 1253 3266 gerulos,
1265 3210 1290 3253 et
1299 3205 1328 3252 url
1342 3209 1503 3266 procuratores
1516 3207 1540 3253 el
1557 3206 1618 3267 prin·

845 3300 923 3360 cipes,
938 3300 968 3347 ab
987 3298 1052 3347 ludio
1068 3297 1097 3345 ad
1118 3296 1262 3358 ditlriupiarn
1276 3310 1365 3357 risque,
1381 3300 1476 3343 centurn
1496 3298 1520 3343 et
1538 3296 1618 3355 viginti

846 3398 936 3453 septem
947 3390 1120 3452 prouinciarum
1133 3390 1310 3449 gubernatores.
1345 3386 1555 3436 ulteriorando!
1575 3388 1619 3435 lroc

846 3487 981 3545 exemploru
993 3483 1086 3545 scriplm
1098 3486 1160 3529 suut.
1194 3500 1204 3521 a
1217 3484 1265 3529 lieu
1276 3494 1374 3540 irruguus
1383 3484 1525 3528 Artaxerxes
1537 3478 1619 3541 princi·

849 3597 860 3618 ιι
874 3577 942 3638 pibus
952 3578 976 3623 et
989 3575 1017 3623 iia
1029 3574 1069 3637 qui
1080 3576 1143 3621 stant
1159 3572 1265 3631 anobis,
1282 3570 1392 3619 salutern.
1425 3570 1493 3618 llulti
1506 3570 1619 3629 irrogoitu·

849 3691 861 3714 a
873 3672 928 3719 ilinc
939 3671 1104 3720 licrreliciorum
1114 3704 1120 3727 ‚
1130 3671 1155 3717 el
1169 3668 1265 3716 lionoris
1281 3681 1310 3715 ex
1326 3666 1399 3715 nimia
1418 3666 1565 3727 largientium
1582 3666 1620 3714 be·

849 3784 861 3806 a
874 3762 987 3823 nignitate
1003 3762 1026 3809 in
1039 3772 1080 3809 eos
1091 3759 1182 3821 collati,
1194 3773 1240 3807 nou
1260 3758 1338 3807 solum
1351 3757 1471 3806 inferiores
1487 3756 1569 3816 irrjurio
1581 3770 1621 3805 co·

849 3880 860 3901 ν
872 3863 957 3907 narrtrrr
967 3858 1072 3917 allicere,
1085 3856 1158 3905 sedet
1168 3855 1190 3904 iu
1203 3856 1266 3916 ipsos
1277 3867 1335 3902 suros
1346 3853 1460 3902 beneticus
1476 3853 1563 3901 orarium
1573 3866 1622 3901 ιιιο·

850 3976 862 3998 a
876 3954 912 4003 liri
927 3967 974 4002 rron
986 3953 1159 4009 detrectarunt,
1171 3950 1336 4012 gratitudinem
1348 3962 1377 3996 ex
1390 3948 1524 3996 lrnnriaibus
1538 3949 1621 3997 luticu-

850 4072 863 4095 a
876 4057 927 4111 tes,
946 4053 986 4107 et,
1004 4050 1084 4110 inepta
1099 4061 1129 4096 ex
1149 4047 1266 4107 insperate
1285 4042 1395 4091 felicitato
1413 4041 1537 4090 irrsuieutia
1553 4042 1621 4097 clati,

850 4162 861 4183 r
873 4154 946 4204 opum
954 4139 1121 4187 alruudantiarn
1132 4138 1155 4183 iu
1164 4135 1216 4183 illus
1226 4136 1389 4181 convertentes
1398 4145 1499 4193 prioratu
1510 4130 1622 4179 berneliciu

850 4255 862 4277 a
875 4236 903 4283 iis
916 4234 978 4281 aucti
991 4236 1059 4289 strui,
1070 4231 1114 4278 isla
1129 4232 1179 4277 Deo
1193 4226 1287 4275 latitura
1304 4238 1356 4273 csse
1374 4224 1528 4281 arbitrantur,
1548 4235 1621 4283 seque

850 4338 957 4401 omanus
969 4323 1021 4383 rjrm
1033 4320 1128 4369 ultrices
1144 4330 1266 4365 erasinus.
1300 4320 1333 4363 Εκ
1350 4314 1386 4362 liis
1399 4326 1453 4362 reru
1469 4312 1580 4373 rpddarn,
1593 4312 1622 4359 ab

850 4440 862 4462 a
874 4416 957 4465 amicis
965 4414 1035 4463 rebus
1042 4408 1234 4461 adrrrinistraudls
1242 4406 1341 4464 admoti,
1351 4410 1375 4454 et
1385 4418 1406 4466 pr
1412 4404 1475 4451 irato
1485 4402 1509 4449 in
1519 4402 1621 4450 rroouul·

850 4529 862 4549 u
874 4506 971 4556 losodio
983 4505 1119 4566 flagrantes,
1136 4500 1239 4562 deceptis
1252 4498 1280 4547 iis
1294 4510 1353 4558 quus
1365 4508 1436 4557 penes
1450 4505 1572 4540 surnrnurn
1586 4498 1623 4543 est

851 4618 862 4640 ε
875 4597 1013 4659 imperium,
1024 4594 1088 4643 loisis
1099 4591 1237 4640 criminibus
1249 4590 1273 4636 et
1284 4586 1409 4635 calumniis
1420 4584 1551 4633 elieceruul
1563 4586 1589 4630 ut
1600 4582 1623 4631 lu

851 4715 862 4736 «ι
874 4692 985 4743 innoxios
1001 4692 1034 4739 ira
1053 4690 1202 4745 etlerrenlur,
1221 4698 1250 4733 ex
1266 4694 1313 4744 ntra
1326 4680 1409 4729 salutis
1425 4678 1550 4727 discrimen
1562 4677 1624 4725 orlie-

851 4810 862 4831 ν
877 4793 939 4837 runt.
974 4786 999 4834 ld
1020 4784 1084 4842 nrrod
1101 4782 1160 4831 adeo
1176 4792 1272 4828 cernere
1286 4777 1354 4835 licet,
1372 4789 1417 4823 non
1435 4788 1464 4822 ea
1483 4772 1511 4821 iis
1527 4786 1581 4835 ηυντ
1595 4773 1625 4822 dc

852 4905 863 4925 a
877 4846 1069 4945 rclursgantiquis
1087 4875 1208 4935 ιιιειιιοτίεοΙ
1225 4871 1318 4934 prodita
1330 4873 1387 4918 sunt
1398 4873 1439 4917 aul
1454 4879 1508 4928 εμιω
1523 4866 1585 4913 lanio
1601 4870 1626 4913 et

853 5001 863 5020 ιι
879 4979 997 5026 auditione
1012 4973 1158 5035 occepimus,
1171 4968 1282 5031 sedistis
1296 4980 1325 5015 ex
1343 4964 1486 5015 iocineribus
1499 4976 1555 5024 quac
1570 4965 1627 5010 autc

853 5097 864 5117 n
874 5074 959 5141 oculos
967 5076 1059 5119 rrostros
1069 5068 1180 5117 audacter
1197 5068 1287 5127 patroio
1297 5066 1353 5112 suut
1364 5078 1369 5110 :
1383 5076 1431 5124 quc
1444 5061 1556 5121 deinceps
1567 5072 1625 5121 ope·

853 5192 864 5213 a
877 5184 927 5218 raro
943 5177 1028 5216 delitiis
1044 5169 1071 5215 ut
1086 5164 1210 5227 columniis
1229 5168 1253 5211 et
1270 5158 1474 5209 criminationibus
1490 5156 1560 5205 fidem
1580 5166 1627 5201 nou

853 5287 864 5308 a
879 5265 1021 5321 lrabcornus,
1035 5262 1093 5310 asro
1109 5272 1163 5323 ηιιιο
1180 5258 1219 5307 olii
1236 5254 1304 5306 roobia
1322 5252 1456 5317 persuaderi
1474 5251 1570 5307 uolunt,
1583 5245 1626 5295 srd
