3859 6084
277 470 334 519 eoo
380 454 501 533 tmesi.)

758 454 1041 515 uexatouutttt
1062 452 1155 511 bisst.
1177 452 1223 511 ts.
1248 452 1338 513 ileo.
1361 452 1395 511 ll.

1742 457 1879 533 [amfleat

273 590 399 647 δείκνυτο.
441 582 602 664 Παρασκευλ,
615 583 641 640 δέ
653 583 698 641 καί
711 582 804 663 θηρίων
819 584 929 662 ἐγένετο,
939 584 1048 643 λεόντων
1069 600 1073 627 ¹
1093 594 1175 639 rentur
1186 591 1257 639 simul
1269 591 1293 640 in
1309 596 1462 653 conspectum
1475 562 1571 639 veniret.
1605 593 1695 641 eurotas
1711 598 1776 639 eraut
1793 593 1878 641 etism

272 700 299 733 τε
312 674 439 731 πλείστων
451 675 521 752 αὐτῷ
534 670 711 749 συναχθέντων
723 672 768 729 καὶ
782 676 832 729 τῶν
847 672 933 729 ἀλλων
945 670 994 728 ὅσα
1004 670 1048 729 καὶ

272 762 319 827 τὰς
345 758 426 829 ἀλκδς
449 759 662 836 ύπερόαλλούσας
684 757 738 834 ἔχει
761 756 806 814 καλ
828 759 876 827 τὴν
897 757 972 838 φύσιν
993 755 1048 813 ἐστὶ

275 846 454 923 σπανιώτερα·
466 845 562 904 τούτοιν
576 848 660 903 αὐτῶν
670 868 699 902 τε
709 844 772 923 πρὸς
784 843 885 913 ἄλληλα
898 844 1047 920 συμπλοκαὶ

1093 677 1160 737 lerae,
1177 682 1201 725 et
1213 678 1321 727 leonibus
1339 678 1519 739 quamplurimis
1536 678 1610 739 ipsius
1625 678 1691 739 jussu
1711 680 1880 739 conquisitis,

1093 764 1191 826 aliisque
1200 778 1255 827 quae
1265 770 1305 814 aut
1316 764 1399 815 robore
1411 765 1575 827 praenitebant
1585 771 1627 814 aut
1635 770 1720 813 natura
1733 767 1791 813 urira
1799 772 1879 814 eraut

1092 852 1186 901 nullate
1199 867 1205 901 ε
1218 859 1289 914 atque
1302 852 1326 901 id
1343 854 1454 914 agebatur
1467 856 1494 901 ut
1505 853 1541 901 rel
1557 853 1609 901 istae
1621 853 1680 902 iuter
1695 866 1723 901 se
1736 856 1881 907 committe-

246 934 320 1003 saal
333 931 418 1010 μάχαι
430 932 493 1010 πρὸς
510 931 577 989 αὐτὰ
594 936 645 989 τῶν
667 929 885 1006 κατεγνωσμένων
905 928 1047 1010 ἀνθρώπων
1091 943 1182 997 rentur,
1204 939 1241 989 rel
1261 954 1315 989 cnm
1332 940 1468 989 bominibus
1485 941 1516 988 ad
1533 954 1573 989 eas
1591 941 1708 990 damnatis
1728 944 1880 1002 pugnarent.

273 1019 466 1091 ἐπιτηδεύοντα
477 1022 540 1089 Τοῖς
552 1018 598 1095 μέν
610 1018 687 1086 ξένοις
698 1018 818 1087 ἔκπληξις
829 1022 893 1092 ὁμοῦ
908 1021 954 1087 τῆς
966 1016 1047 1073 δαπά-

273 1130 319 1177 νης
331 1106 376 1164 καί
388 1106 544 1186 ψυχαγωγία
557 1109 607 1162 τῶν
619 1104 678 1183 περὶ
688 1104 734 1174 τὴν
743 1102 804 1161 θέαν
814 1103 946 1174 κινδύνων,
958 1104 1009 1169 τοῖς
1023 1103 1046 1160 δ’

273 1194 420 1271 ἐπιχωρίοις
433 1192 530 1272 ρανερδι
542 1193 682 1257 κατάλυσις
693 1195 743 1248 τῶν
756 1190 909 1265 τιμωμένων
920 1194 985 1268 παρ’
999 1192 1047 1247 αὖ·

274 1283 325 1347 τοῖς
336 1282 411 1339 ἐθῶν.
427 1278 529 1344 'docete
544 1277 590 1352 μέν
610 1277 660 1354 γὰρ
680 1281 710 1335 ἐκ
723 1277 855 1356 προδήλου
878 1276 1048 1357 κατεραίνετο

1094 1026 1222 1087 peregrinis
1231 1028 1327 1089 quidem
1337 1033 1386 1077 eret
1396 1028 1520 1077 admiratio
1529 1033 1680 1089 sumptuum,
1695 1029 1767 1077 εἰπιιιΙ
1784 1036 1808 1077 et
1825 1032 1882 1076 ani·

1093 1127 1186 1163 morum
1208 1114 1333 1163 oblectatio
1355 1128 1384 1163 εκ
1408 1114 1565 1176 periculorum
1587 1122 1734 1177 conspectu,
1752 1115 1882 1176 indigenis

1094 1216 1149 1251 uero
1162 1202 1284 1251 rnaniiesla
1300 1202 1425 1252 videbatur
1437 1216 1542 1263 morum,
1553 1204 1593 1266 qui
1606 1204 1664 1265 ipsis
1673 1218 1771 1252 suurmo
1788 1204 1812 1251 in
1831 1205 1879 1251 lu»

1093 1302 1150 1337 nore
1159 1292 1240 1349 eraut,
1252 1289 1384 1339 dissolutio.
1417 1290 1463 1339 lies
1479 1290 1530 1352 ipsa
1539 1291 1601 1345 enirn
1611 1290 1731 1339 indicabat
1742 1292 1811 1353 plane
1829 1292 1879 1339 im·

235 1380 263 1417 1⁰,
274 1365 369 1442 θηρίοις
386 1364 534 1443 ἀνθρώπους
545 1364 709 1443 ὑπορρίπτειν
724 1365 767 1421 ἐπὶ
789 1364 876 1443 τέρψει
889 1368 935 1434 τῆς
949 1362 1047 1440 ἀνθρύε
1091 1376 1157 1437 pium
1173 1376 1356 1435 essenouines
1372 1376 1402 1424 ad
1418 1375 1506 1425 bestias
1525 1377 1637 1438 projicere
1654 1377 1676 1425 in
1695 1378 1823 1426 Ιιιιιιιίιιιιιιι
1843 1393 1875 1426 es

274 1475 330 1509 πων
345 1451 419 1522 θέας,
433 1452 524 1516 ἀοεάἐς
539 1450 566 1508 δέ
587 1450 690 1518 ξενικοῖς
704 1450 905 1526 ἐπιτηδεύμασιν
924 1449 1048 1517 ἐξαλλάτ-
1091 1462 1226 1524 ιιμεοιιιωιιο
1243 1462 1439 1524 delectationem
1460 1463 1564 1525 itemque
1584 1464 1646 1525 leges
1665 1478 1721 1513 cum
1741 1466 1880 1527 peregrinis

274 1561 326 1595 τειν
351 1536 409 1603 τοὺς
432 1537 549 1613 θεσμοδς.
596 1536 707 1595 Πάντων
735 1535 762 1593 δέ
786 1538 885 1613 μᾶλλον
906 1535 994 1593 ἐλύπει
1016 1534 1048 1591 τδ

274 1623 402 1701 τρόπαιον
415 1626 547 1689 δοκοῦντες
561 1621 610 1702 γδρ
624 1624 723 1687 εἰκόνας
736 1614 800 1681 εἶναι
813 1622 883 1701 [τὰς]
898 1630 950 1689 τοῖς
961 1621 1049 1687 ὅπλοις

276 1710 508 1788 περιειλημμένας,
524 1712 564 1767 ότι
581 1709 617 1786 μὴ
629 1710 737 1790 πάτριον
749 1702 781 1781 ἦν
793 1714 879 1776 αὐτοῖς
892 1710 925 1768 τὰ
939 1715 1049 1768 τοιαῦτα

238 1816 261 1865 ιιι
276 1796 372 1867 σέόειν,
384 1800 413 1853 οὔ
428 1795 537 1874 μετρίως
552 1795 741 1875 ἐδυσχέραινον.

318 1885 352 1961 β’.
366 1882 523 1942 Ἐλάνθανον
545 1882 572 1939 δὲ
588 1881 645 1957 οὐδὲ
665 1884 708 1939 τὸν
723 1882 843 1962 Ἡρώδην
859 1881 1048 1961 ἐκταραττόμε-

278 1991 332 2043 νοι,
347 1969 392 2025 καί
405 1971 463 2045 βίαν
477 1968 524 2044 μὲν
538 1968 643 2046 ἐπάγειν
654 1969 760 2048 άκαιρον
774 1966 855 2048 ᾤετο,
869 1968 1011 2043 καθωμιλει
1028 1968 1049 2024 δ’

249 2083 252 2087 ·
278 2055 357 2119 ἐνίους
367 2056 411 2112 καὶ
418 2055 577 2136 παρηγόρει,
587 2059 632 2124 τῆς
643 2054 841 2130 δεισιδαιμονίας
851 2053 1048 2134 ἀραιρούμενος,

277 2143 305 2198 οὐ
315 2141 367 2217 μὴν
382 2140 488 2214 ἔπειθεν,
499 2144 557 2199 ἀλλ’
571 2142 620 2199 ὑπὸ
631 2141 781 2221 δυσχερείας
789 2134 824 2200 ὧν
836 2142 938 2199 ἐδόκουν
951 2144 1046 2198 ἐκεῖνον

237 2248 265 2286 ευ
277 2229 452 2305 πλημμελεῖν,
462 2229 625 2305 ὁμοθυμαδὸν
636 2228 752 2299 ἐξεάόων,
764 2232 786 2286 εί
800 2230 844 2286 καὶ
856 2228 943 2285 πάντα
953 2229 1049 2286 δοκοῖεν

278 2315 368 2391 οἶστδ,
391 2314 428 2392 μὴ
449 2320 533 2396 φέρειν
548 2316 646 2382 εἰκόνας
666 2316 806 2396 ἀνθρώπων
823 2319 848 2372 ἐν
863 2320 897 2393 τῇ
910 2316 999 2390 πολει,
1019 2313 1050 2371 τδι

278 2401 392 2481 τρόπαια
403 2402 532 2480 λέγοντες·
549 2407 577 2462 οθ
590 2402 640 2480 γδρ
652 2393 718 2461 εἶναι
731 2402 839 2481 πάτριον
854 2403 946 2467 αὐτοῖς.
962 2400 1049 2481 Ἡρώ-

279 2491 323 2558 δης
338 2489 365 2547 δὲ
376 2491 580 2571 τεταραγμένους
594 2494 660 2568 ὁρῶν
674 2490 719 2547 καὶ
733 2489 769 2565 μὴ
787 2487 878 2570 ῥαδίως
891 2488 922 2545 διν
937 2512 1050 2563 μεταπε-

279 2577 382 2648 σόντας,
394 2576 466 2654 εἰμὴ
477 2577 578 2655 τύχοιεν
589 2576 763 2657 παρηγορίας,
775 2575 887 2640 καλέσας
896 2578 981 2631 αὐτῶν
992 2575 1050 2641 τοὺς

238 2690 265 2727 aa
280 2664 494 2743 ἐπιφανεστάτους
506 2664 541 2730 εἷς
559 2688 587 2722 τε
604 2663 709 2744 θέατρον
723 2661 859 2741 παρήγαγε
871 2662 915 2719 καί
927 2660 1008 2727 δείξας
1019 2660 1051 2717 τδι

279 2750 392 2830 τρόπαια
406 2751 433 2808 τί
442 2774 505 2809 ποτε
520 2751 590 2808 δοκεῖ
603 2752 688 2815 αὐτοῖς
701 2755 783 2805 ταῦτα
799 2748 913 2808 ἐπύθετο.
955 2751 1015 2806 Τῶν
1028 2749 1054 2804 δ”

280 2838 462 2909 ν’κύοησάντων
473 2838 614 2915 ἀνθρώπων
626 2835 737 2907 εἰκόνας,
752 2835 872 2902 ἐπιτάξας
883 2838 1052 2916 ἀραιρεθῆναι

278 2925 322 2982 τὸν
336 2924 500 3005 περιθέσιμον
512 2923 619 2999 κόσμον,
634 2922 801 2981 ἐπιδείκνυσιν
816 2924 900 2989 αὐτοῖς
913 2920 999 3000 γυμνδ
1019 2921 1052 2978 τθ

279 3011 352 3079 ξύλα.
392 3011 435 3071 T&
447 3013 470 3069 δ’
482 3010 554 3076 εὐθολς
567 3003 598 3081 ἧν
610 3009 806 3081 ἀποσυληθέντα
821 3010 902 3085 γελοις
915 3010 960 3067 καὶ
980 3009 1052 3065 πλεῖ-

1093 1548 1198 1597 moribus
1215 1549 1350 1611 permutari.
1383 1549 1428 1597 Sed
1442 1549 1549 1598 nihileos
1563 1552 1637 1611 magis
1646 1552 1785 1601 ostendebat
1797 1568 1876 1613 quaro

1093 1640 1180 1698 tropaea
1197 1656 1203 1684 ι
1217 1650 1271 1683 nam
1281 1649 1354 1697 quum
1367 1649 1394 1685 ea
1407 1642 1515 1698 putarent
1525 1638 1636 1698 imagines
1649 1651 1702 1687 esse
1714 1639 1789 1687 aunis
1800 1639 1878 1687 iuclu-

1092 1736 1143 1782 sas,
1153 1724 1206 1772 ideo
1216 1723 1281 1785 qurod
1297 1724 1378 1785 patriis
1390 1724 1481 1784 iegibus
1497 1724 1631 1774 istiusmodi
1642 1726 1700 1787 quid
1713 1728 1793 1775 ouem
1805 1728 1878 1777 rietes

1093 1814 1168 1871 esset,
1180 1810 1340 1871 indignissime
1353 1824 1393 1860 eas
1406 1812 1517 1861 terebant.

1124 1904 1146 1947 t.
1164 1900 1245 1959 Neque
1265 1912 1321 1947 vero
1336 1900 1457 1947 nesciebat
1476 1898 1582 1947 llerodes
1601 1912 1643 1947 eos
1658 1899 1765 1959 turbari,
1782 1903 1807 1949 et
1825 1902 1878 1956 riru

1093 1977 1177 2026 interce
1202 1978 1394 2038 intempestivum
1420 1977 1586 2038 existimabat;
1607 1983 1752 2039 quiapropter
1775 1992 1876 2038 operam

1092 2053 1164 2101 dabat
1176 2058 1202 2102 ut
1211 2055 1335 2103 nonnullos
1346 2067 1429 2103 eorum
1447 2055 1563 2115 mitigaret
1575 2054 1672 2113 uerbis,
1685 2058 1710 2103 et
1720 2068 1750 2103 ea
1762 2056 1878 2115 religione

1096 2132 1216 2181 solveret:
1231 2146 1315 2181 νοιιιιιι
1331 2133 1389 2182 uiliil
1403 2133 1552 2195 proliciebat,
1565 2133 1607 2181 sed
1624 2133 1689 2195 qood
1713 2133 1815 2183 moleste
1830 2134 1876 2182 ter·

1094 2210 1146 2257 rent
1155 2222 1196 2265 oa,
1206 2208 1292 2269 quibus
1302 2208 1368 2257 illum
1378 2209 1491 2271 flagitium
1500 2210 1624 2259 admittere
1631 2210 1815 2267 existimabant,
1825 2220 1877 2257 uno

1093 2299 1209 2334 consensu
1219 2286 1418 2348 voclierabantur,
1434 2288 1454 2336 si
1470 2288 1550 2336 omnia
1565 2287 1674 2350 patienda
1691 2286 1781 2347 loreut,
1795 2292 1822 2336 at
1834 2290 1876 2335 luo-

1094 2364 1184 2411 minum
1204 2363 1299 2425 quidem
1313 2364 1426 2425 imagines
1446 2368 1547 2428 (tropea
1563 2366 1703 2426 innitentes)
1715 2364 1739 2413 in
1752 2366 1812 2414 urbe
1827 2379 1875 2413 non

1094 2452 1205 2501 passuros
1222 2454 1228 2487 :
1247 2440 1308 2487 barud
1321 2442 1383 2489 enim
1395 2442 1502 2490 moribus
1521 2442 1603 2503 patriis
1620 2442 1655 2491 lua
1671 2454 1732 2491 esse.
1767 2441 1875 2491 Herodes

1094 2534 1163 2579 uero,
1175 2533 1249 2582 quum
1261 2521 1351 2571 rideret
1364 2522 1418 2570 illos
1427 2523 1535 2571 turbatos
1547 2525 1648 2585 esse,el
1657 2535 1705 2571 ποιι
1715 2522 1783 2570 ltcile
1792 2524 1815 2571 ei
1825 2537 1875 2571 ees·

1094 2611 1174 2656 surus,
1194 2600 1238 2649 nisi
1254 2600 1331 2649 solatii
1355 2600 1443 2663 aliquid
1459 2602 1621 2663 adhiberetur,
1640 2615 1724 2651 eorum
1740 2603 1876 2663 pmeipuos

1095 2685 1175 2738 vocat,
1187 2686 1211 2729 et
1222 2682 1244 2728 iu
1261 2682 1377 2730 theatrum
1393 2683 1470 2731 ductis
1487 2686 1577 2745 tropaea
1599 2688 1726 2744 monstrat,
1739 2685 1877 2745 quaeritque

1094 2760 1205 2821 quidnam
1223 2763 1273 2810 iuec
1289 2762 1324 2811 eis
1341 2762 1473 2813 uideantur.
1491 2767 1619 2825 Quomque
1632 2764 1823 2825 exclamassent,
1835 2767 1873 2812 Ιιο

1097 2846 1187 2895 ruiuum
1207 2860 1260 2897 esse
1281 2848 1408 2911 imagines,
1430 2848 1470 2898 ubi
1488 2850 1589 2912 iusserat
1605 2854 1745 2899 ornamenta
1765 2850 1873 2909 detrahi,

1097 2946 1187 2985 merum
1201 2934 1291 2993 iignum
1307 2936 1341 2985 eis
1358 2934 1470 2985 ostendit.
1501 2940 1579 2999 Atque
1594 2936 1639 2985 leta
1651 2941 1748 2999 repente
1767 2950 1814 2985 suo
1833 2938 1871 2985 de

1096 3020 1183 3069 nudata
1202 3027 1285 3070 ornatu
1305 3022 1379 3072 risum
1396 3023 1533 3073 excitabant
1549 3023 1725 3086 plurimumque
1739 3025 1876 3073 adnuimus

241 3122 268 3161 νο
281 3120 341 3157 στον
353 3100 388 3165 εἷς
397 3097 515 3176 διάχυσιν
530 3097 655 3168 ἐδυνήθη,
669 3100 707 3176 τῷ
720 3095 765 3153 καὶ
779 3095 902 3176 πρότερον
921 3094 1012 3160 αὐτοὺς
1026 3097 1052 3151 ἒν
1097 3108 1221 3170 placandus
1230 3110 1353 3171 retebant,
1363 3110 1557 3174 quippequiJam
1567 3115 1622 3161 aute
1634 3111 1763 3173 imaginum
1773 3125 1871 3174 appara·

281 3185 399 3266 εἰρωνεία
408 3184 522 3241 τίθεσθαι
532 3181 578 3249 τάς
586 3182 749 3248 κατασκευὰς
761 3187 812 3240 τῶν
824 3181 993 3260 ἀγαλμάτων.

1097 3196 1135 3241 tus
1145 3206 1187 3255 pro
1197 3194 1296 3244 ridiculo
1306 3194 1428 3245 ducerem.

239 3339 255 3349 μ
319 3275 355 3349 γ’,
377 3276 476 3331 Τοῦτον
495 3268 523 3328 δὲ
540 3270 583 3328 τὸν
598 3270 691 3350 τρόπον
707 3272 785 3328 αὐτοῦ
802 3268 1053 3349 παρακρουσαμένου
1127 3286 1150 3329 3.
1168 3282 1248 3337 Quum
1268 3286 1348 3331 autem
1362 3284 1476 3346 populum
1496 3286 1540 3334 troc
1558 3290 1627 3348 paeto
1640 3283 1778 3348 repulisset,
1799 3290 1871 3350 alque

281 3360 311 3418 ‘b
330 3362 441 3431 πλῆθοςι
459 3357 503 3415 καί
525 3355 572 3427 ‘'l''
590 3354 672 3435 ὁρμὴν
685 3356 718 3427 ἣν
732 3356 916 3415 ἐπεπόνθεισαν
933 3355 959 3423 ἐξ
978 3358 1054 3433 &ffb
1097 3388 1210 3451 impetum
1218 3403 1265 3451 ιμιο
1273 3389 1324 3439 irati
1337 3390 1471 3441 terebantur
1491 3390 1875 3458 dissipasset,plerlquesiceraut

282 3444 442 3525 διαχέαντος,
450 3446 474 3502 οἱ
485 3443 589 3509 πλείους
600 3442 646 3518 μὲν
659 3434 729 3521 εἶχον
739 3446 774 3510 ὡς
785 3442 996 3519 μετοάεάλῆσθοι
1010 3441 1054 3499 καί

243 3553 270 3591 aa
287 3532 324 3609 μὴ
338 3530 507 3610 χαλεπαίνειν
520 3530 574 3602 ἔτι,
589 3529 655 3596 τινές
668 3531 690 3587 δ’
705 3532 789 3587 αὐτῶν
808 3528 932 3606 ἐπέμενον
945 3533 978 3607 τῇ
994 3529 1053 3585 δυσ·
1098 3504 1220 3549 mmmm
1240 3504 1427 3563 mmmm
1448 3502 1583 3553 'iderentur
1600 3510 1701 3553 ΨΜ
1713 3518 1796 3555 ‘⁰¹⁰⁰'
1811 3520 1871 3555 ⁰⁰⁰¹

282 3619 373 3699 χορεία
386 3622 438 3675 τῶν
452 3620 499 3675 ονἰκ
512 3617 538 3685 ἐξ
552 3616 622 3683 ἔθους
634 3616 860 3692 ἐπιτηδευμάτων,
872 3617 919 3673 καὶ
933 3617 963 3674 τὸ
977 3638 1055 3673 κατα.
1098 3608 1156 3657 nulli
1168 3609 1192 3657 in
1201 3608 1331 3659 offensione
1343 3622 1373 3657 ex
1388 3610 1485 3658 muntia
1500 3610 1606 3659 moribus
1618 3610 1818 3672 perseverabant,
1830 3618 1869 3670 et,

283 3705 391 3764 ἐύξσθαῑ
404 3703 437 3762 τὰ
452 3703 550 3781 πάτρια
570 3704 690 3779 μέἵάλων
706 3702 844 3780 ἡγούμενοί
858 3700 942 3780 ἀρχὴν
956 3706 1054 3772 κακῶν,
1098 3732 1171 3781 quium
1181 3720 1302 3769 crederent
1316 3734 1345 3769 ει
1360 3720 1442 3781 patriis
1456 3718 1569 3769 institutis
1581 3720 1673 3769 violatis
1684 3734 1772 3783 magus
1782 3722 1873 3771 oritura

284 3791 354 3853 ὅσιον
365 3790 483 3870 ᾠήθεσαν
499 3791 714 3847 ἀποκινδυνεῦσαι
726 3791 825 3863 μᾶλλον
841 3786 858 3859 ἢ
872 3790 965 3857 δοκεῖν,
978 3787 1054 3854 ἐξαλ-
1098 3832 1151 3869 esse
1169 3818 1243 3878 mapa,
1269 3820 1344 3868 gggqg
1361 3832 1413 3868 esse
1433 3821 1547 3881 putarunt
1561 3820 1599 3869 rel
1619 3820 1721 3883 quodvis
1740 3823 1871 3885 perieulum

285 3876 446 3954 λαττομένης
461 3880 545 3943 αὐτοῖς
562 3882 608 3946 τῆς
628 3876 775 3949 πολιτείας,
795 3886 917 3956 περιορᾶν
932 3874 1053 3955 Ἡρώδην

245 3992 272 4030 ιο
287 3966 351 4045 πρὸς
362 3964 421 4042 βίαν
430 3961 600 4039 ἐπεισάγοντα
614 3962 647 4019 τδι
661 3963 698 4040 μὴ
712 3963 744 4020 δι’
760 3962 829 4029 ἔθους
839 3963 914 4032 ὄντα,
929 3962 974 4020 καλ
987 3960 1056 4040 λόγῳ

286 4052 336 4129 μέν,
354 4048 479 4130 βασιλέα,
501 4055 539 4129 τῷ
562 4052 584 4107 δ’
605 4049 673 4129 ἔργῳ
694 4050 816 4123 πολέμιον
836 4049 990 4129 φαινόμενον
1011 4054 1056 4105 τοῦ

284 4138 381 4205 παντὸς
401 4137 495 4204 ἔθνους.
544 4136 594 4195 Ἐκ
605 4135 637 4206 δὴ
648 4134 739 4195 τούτου
754 4135 957 4213 συνομοσάμενοι
971 4134 1056 4193 πάντα

285 4228 400 4285 κίνδυνον
417 4223 572 4283 ὑποδύεσθαι
586 4223 647 4281 δέκα
662 4228 714 4281 τῶν
732 4226 844 4281 πολιτῶν
859 4223 949 4303 ἀνδρες
962 4221 1008 4280 καὶ
1022 4221 1058 4289 ξι·
1101 4215 1234 4277 festum‘lll‘v'
1246 4216 1380 4265 θθῑθθθθΐθ·
1413 4220 1496 4279 Ῑίδθῦθ
1510 4218 1665 4280 ⁰⁰¹¹l¹¹f²lfl¹¹¹t
1680 4220 1746 4270 cil&
1757 4222 1839 4271 ‘levem
1851 4223 1872 4269 5¹¹

286 4314 357 4394 ρίδια
371 4321 423 4379 τοῖς
438 4311 550 4388 ἱματίοις
567 4310 740 4375 ύποθαλόντες
753 4312 765 4335 ¹*
778 4313 791 4338 ⁴
802 4312 817 4340 ⁴¹
837 4302 869 4380 ἦν
883 4311 906 4367 δ’
917 4310 1003 4371 αὐτοῖς
1026 4309 1058 4367 δι’
1101 4319 1202 4381 quodvis
1210 4320 1352 4381 periculum,
1365 4322 1389 4368 et
1402 4320 1516 4381 pugiones
1528 4322 1574 4369 sub
1584 4322 1691 4372 vestibus
1705 4332 1869 4387 ειιιιιρεειιιιιις

245 4426 273 4463 sa
287 4400 484 4468 ἀναξιοπάθειαν
492 4391 527 4455 ὧν
541 4398 649 4469 ἤκουσεν
658 4396 705 4454 καί
716 4402 766 4454 τῶν
778 4396 946 4476 διεφθορότων
955 4420 994 4462 τις
1001 4394 1059 4463 eoi<
1101 4417 1448 4481 aegraqqngnqefeogqqugm
1456 4420 1871 4484 mffl3,quq‚00mmqumud5vfflt

287 4485 434 4567 δρθαλμοθς
446 4484 659 4560 ουνωμοσμένος,
671 4486 720 4561 οὐχ
733 4488 769 4549 ὡς.
788 4482 945 4563 συνιργῆσαί
965 4507 992 4540 τι
1014 4483 1059 4541 καί

1099 3916 1178 3966 subire
1191 3930 1264 3979 quam
1276 3917 1350 3965 rideri
1367 3916 1484 3966 tterudem
1493 3918 1584 3977 sinere,
1596 3923 1689 3969 mumto
1703 3934 1784 3971 renam
1794 3912 1872 3980 stilo,

1099 4018 1227 4080 quidquem
1239 4021 1321 4065 contra
1332 4019 1437 4079 receptos
1452 4030 1529 4066 mores
1545 4031 1586 4080 per
1599 4019 1647 4067 rim
1660 4020 1825 4081 introducere,
1836 4028 1872 4081 et,

1100 4120 1157 4169 dum
1167 4131 1209 4181 pro
1220 4130 1273 4178 rege
1285 4118 1412 4179 so'gereret
1421 4152 1428 4177 ‚
1437 4130 1520 4169 reuera
1533 4131 1559 4167 se
1570 4118 1615 4168 toti
1624 4121 1688 4181 genti
1701 4121 1828 4171 inimicum
1841 4124 1871 4171 in·

288 4575 347 4632 λίαν
358 4577 394 4640 εἰς
405 4571 451 4644 τὴν
464 4571 627 4651 ἐπιχείρησιν
640 4572 740 4641 ἱκανὸς,
757 4573 814 4629 ἀλλ’
829 4574 855 4628 ἐν
867 4570 962 4651 ἑτοίμῳ
977 4592 1055 4628 κατα·

287 4663 363 4729 τιθεὶς
377 4662 454 4720 αὑτὸν
467 4661 559 4718 παθεῖν
570 4659 594 4717 εί
604 4682 629 4718 τι
640 4658 767 4725 κάκείνοις
780 4657 918 4734 συμὸαίνοι
925 4657 1059 4737 δυσχερές·
1118 4730 1123 4741 ¹
1300 4731 1305 4741 .
1449 4730 1454 4741 ἱ
1829 4734 1834 4742 ι

1034 4745 1060 4799 ι,
1103 4744 1138 4779 crs
1152 4730 1249 4787 aduersa
1259 4735 1305 4791 pau
1315 4732 1424 4791 paratus,
1435 4742 1455 4777 su
1470 4730 1578 4781 materen
1591 4731 1704 4781 eederet:
1717 4732 1743 4781 id
1752 4733 1817 4795 quud
1828 4734 1870 4781 iliis

287 4749 354 4805 ὥστε
369 4746 406 4823 μὴ
422 4747 529 4828 μετρίαν
540 4746 587 4818 τὴν
601 4744 684 4825 ὁρμὴν
698 4746 750 4811 τοῖς
762 4747 925 4823 ἐπιχειροῦσι
935 4745 972 4803 δι”
983 4748 1046 4803 αὐτο

249 4854 276 4891 ao
289 4835 415 4908 γενέσθαι.
716 4846 721 4863 ·

1102 4522 1240 4584 indignitate
1250 4526 1395 4584 commotus,
1406 4536 1460 4572 cum
1468 4522 1503 4577 ela
1513 4524 1646 4585 conjurarit
1657 4540 1663 4573 :
1673 4539 1722 4575 ιιοιι
1732 4526 1773 4576 ille
1780 4526 1870 4588 quidem

1103 4631 1170 4691 quasi
1182 4643 1223 4679 eos
1235 4630 1258 4678 in
1267 4630 1368 4679 facinore
1380 4630 1496 4692 patrando
1508 4632 1610 4680 multum
1621 4632 1759 4695 adjuturus,
1767 4634 1808 4683 sed
1820 4646 1870 4682 σιοι

1104 4834 1133 4883 ad
1144 4847 1193 4883 rem
1204 4834 1384 4896 aggrediendam
1399 4834 1500 4883 multum
1513 4834 1585 4883 enimi
1594 4834 1696 4885 addidit.

302 4958 309 4969 .
329 4922 360 4978 δ’,
379 4924 469 4979 Ταῦτα
489 4920 591 4998 γνόντες
611 4919 663 4978 ἀπὸ
681 4919 842 4995 συνθήματος
857 4922 892 4986 εἷς
911 4920 941 4978 τὸ
955 4919 1062 5000 θέατρον
1134 4927 1158 4973 ‘s
1170 4928 1206 4974 lta
1221 4925 1313 4974 decreta
1330 4938 1355 4974 re
1369 4925 1459 4974 radunt
1475 4940 1522 4974 uuo
1535 4927 1615 4975 animo
1630 4928 1655 4976 in
1670 4928 1806 4989 theatrum,
1822 4930 1868 4991 spei

292 5008 416 5085 ἐχώρουν,
433 5006 584 5072 ἐλπίσαντες
601 5006 648 5083 μὲν
662 5008 714 5065 οὐδ’
731 5007 808 5066 αὐτὸν
822 5007 945 5087 Ἡρώδην
957 5007 1061 5086 διαρεύ-

1105 5012 1165 5074 pleni
1178 5025 1207 5061 ue
1221 5012 1337 5062 Herodem
1353 5012 1449 5074 quidem
1461 5013 1538 5075 ipsum
1550 5026 1693 5075 euasruum,
1706 5029 1783 5077 quum
1794 5030 1820 5066 er
1833 5018 1867 5063 iu·

292 5093 396 5166 ξεσθαι,
413 5094 610 5171 προσπεσόντων
624 5094 651 5161 ἐξ
666 5096 790 5173 ἀφανοῦς,
806 5094 915 5160 πολλοὺς
929 5097 963 5165 δ’,
980 5097 1002 5152 εἷ
1018 5094 1063 5153 καὶ
1106 5099 1202 5163 proviso
1217 5112 1272 5149 eum
1291 5099 1405 5148 adorituri
1417 5105 1497 5149 esseni
1509 5121 1514 5149 :
1527 5104 1569 5149 aut
1579 5106 1643 5150 certe
1660 5103 1679 5151 si
1694 5102 1767 5153 abeo
1782 5104 1867 5152 aberra·

295 5179 333 5259 μὴ
353 5179 502 5257 τυγχάνοιεν
528 5180 640 5252 ἐκείνου,
661 5184 713 5238 τῶν
732 5181 793 5259 περὶ
815 5180 893 5238 αὐτὸν
913 5179 1068 5258 ἀναιρήσειν,
1106 5192 1167 5249 rent,
1178 5187 1226 5237 lore
1237 5186 1377 5243 arbitrantes
1391 5192 1418 5236 ut
1431 5188 1518 5242 multos
1528 5202 1557 5244 er
1566 5188 1618 5249 eius
1626 5189 1754 5240 conitiens
1765 5192 1871 5251 interiise,
