3859 6084
36 458 81 519 ⁸‘·
66 476 154 545 amsa.)

51 589 220 692 μαρτυρῶντοῖς
231 604 363 669 Ἰουδαίοις
377 593 471 678 tatp'
452 623 487 659 ιιν
501 624 528 657 ευ
536 620 599 679 προς
609 600 693 654 αὐτῶν
708 593 795 665 παίθοι,

50 726 83 758 ττι
75 701 131 763 ’τίς
143 694 242 774 δωρεὰς,
253 691 284 758 ἃς
298 690 361 771 ὑπὲρ
374 687 472 745 τούτων
485 686 576 763 διέγνω
589 684 735 764 παρασχεῖν
748 682 795 737 αιί·

51 796 100 857 τοῖς,
112 784 257 884 ἐμρτνίζμν.
302 775 495 855 Παραθιίσυμαι
510 773 537 832 66
549 772 595 838 τὰς
604 770 739 835 ἐπιστολὰς
752 766 797 833 τὰς

50 885 89 940 ..ῖς
97 871 234 976 στρατηγοῖς
247 867 351 945 πιρί’
324 869 407 923 αυτῶν
420 861 610 942 γραρείσας,π
589 855 776 938 προδιελθὼν’
763 879 797 920 ως

35 969 151 1040 ιμαρτιρεῑ
159 956 279 1025 τούτοις
263 957 338 1030 ίμῶν
350 960 403 1017 τοῖς
413 950 498 1027 λόγοις
511 947 664 1012 Πολύέιοςθ
676 944 796 1019 Μεγαλο·

51 1052 141 1121 πολίτης,
178 1044 265 1106 'Ev⁸
236 1068 295 1123 γαρ
300 1067 333 1122 τη
315 1038 563 1117 ”έκκαιδεκοίτῃ”
529 1060 579 1095 των
591 1037 709 1116 ἱστοριῶν
720 1035 798 1089 αὑτοῦ

52 1163 88 1217 ετ,
79 1162 109 1193 ιν
119 1136 225 1200 atm-
239 1131 274 1191 ‘0
289 1129 317 1188 66
331 1135 377 1186 ro6
396 1124 559 1201 Πτολεμαίου
565 1120 754 1201 στρατηγὸς..
731 1116 798 1178 Σκέ·

53 1220 230 1301 ιττςθρμησας
247 1222 284 1285 τίς
303 1215 363 1283 robe
381 1212 479 1273 ἄνοι’
450 1235 543 1277 τοπους
556 1207 751 1288 κατεστρέψατο
771 1208 797 1263 ἐν

53 1316 98 1369 ιτιῗι
88 1312 206 1390 1χειμῶνι
217 1306 247 1365 τθ
261 1308 315 1365 τῶν
327 1302 459 1363 Ἰουδαίων
474 1301 585 1364 ἔθνος.»
600 1296 713 1402 Αέγειδ
727 1296 798 1351 ἐν”
765 1316 798 1371 τη

36 1403 101 1476 ιιίιτι,
87 1397 211 1477 pitto
197 1420 232 1461 ως
248 1421 261 1449 ιι
277 1400 324 1452 τοῦ
342 1390 436 1453 Σκόπα
450 1388 614 1458 νικηθέντος’
606 1387 656 1443 υπὸ
669 1383 799 1459 Ἀντιόχου

54 1486 107 1556 ιτίν
119 1485 160 1561 μέν
177 1480 329 1544 Βαταναίαν
342 1480 388 1538 καί
410 1476 563 1555 Σαμάρειαν
581 1496 626 1531 και
645 1471 739 1531 'Aeris
755 1492 800 1527 και

54 1573 116 1631 ιΓίδ
104 1595 144 1652 αρ
145 1596 159 1629 α
173 1568 322 1681 παρέλαὸεν
334 1564 477 1642 Ἀντίοχος,
494 1586 542 1639 μετ
544 1560 647 1635 ’ὀλίγον
664 1558 691 1616 δέ
705 1578 801 1637 προσε-

55 1663 173 1739 ιχιίρησαν
187 1661 258 1737 αὐτῷ
277 1654 375 1715 xci*
340 1678 392 1712 των
413 1650 549 1712 Ἰουδαίων
569 1652 639 1707 οἱ
608 1670 640 1705 πε
643 1645 713 1725 pt*
690 1668 720 1703 το
733 1646 801 1724 ίιρθν

55 1745 305 1869 ιπροοαγορευόμενον
330 1740 501 1821 Ιεροσέλυμα
529 1741 715 1799 κατοικοῦντες·
736 1732 801 1811 ὑπὲρ

35 1855 63 1892 αι
73 1826 150 1893 rosal
163 1832 242 1892 πλείω
256 1830 343 1909 λέγειν
362 1828 477 1908 ἔχοντες,
500 1824 544 1884 καλ
564 1824 677 1902 μάλιστα
692 1820 734 1879 διὰ
754 1818 801 1889 την

56 1946 135 2067 ιπεριθ
134 1946 160 1980 το
148 1920 237 2001 ’ἱερὸν
253 1916 420 1997 ἐπιροίνειαν,
432 1918 467 1979 είς
484 1912 569 1984 ἕτερον
587 1909 675 1989 καιρὸν
690 1912 801 1986 θπερθη·

56 2010 135 2083 ιτέμεθ
136 2008 206 2078 τιὴν
225 2007 390 2079 διηγησιν.ι
433 2000 487 2061 Καί
508 1997 636 2063 Πολύόιος
658 1994 705 2072 μὲν
719 1998 802 2050 ταῦτα

55 2097 170 2175 ίετίρηκεν·
183 2095 284 2170 ἡμεῖς
270 2116 283 2150 ο
284 2086 510 2165 ’ἐπανάξομεν
486 2110 529 2145 τον
542 2084 617 2163 λόγω
629 2082 672 2141 ἐπί
685 2080 760 2151 166⁸
745 2079 802 2151 ov6·

56 2206 125 2257 γητιν,
137 2181 308 2261 παραθέμενοι
323 2181 424 2256 πρῶτον
444 2174 491 2241 τὰς
510 2171 648 2236 ἐπιστολὰς
659 2173 704 2227 τοῦ
725 2171 803 2245 βασι-

35 2270 103 2335 ulto<
115 2269 189 2327 ’τίλν
156 2292 246 2347 ιοχον.

116 2357 231 2423 Βασιλεὺς
244 2354 375 2461 Ἀντίοχος
388 2348 546 2458 Πτολεμαίῳ
559 2347 670 2426 χαίρειν.

84 2448 157 2504 ιΤῶν
170 2439 355 2504 Ἰουδαίων
313 2464 359 2499 και
367 2436 517 2517 παραυτίκα
531 2433 587 2511 μέν,
601 2434 722 2503 ἡνίκα”
690 2454 736 2501 της
747 2428 804 2508 χῶ-

59 2554 112 2608 ιρας
125 2530 246 2607 ἐπέέημεν
269 2531 373 2600 αὐτῶν,
392 2521 625 2599 ίπιδειξαμένων“
602 2518 716 2599 τροπθς
736 2522 806 2593 ἡμᾶς

60 2617 203 2694 ιριλέτιμον,
212 2616 258 2675 καί
272 2610 529 2721 παραγενομένουςδ
545 2611 579 2675 είς
592 2606 638 2679 τλν
654 2606 728 2664 πολιν
739 2607 806 2682 λαμ·

35 2709 133 2781 αιτρῶς
124 2703 315 2779 ἐκδεξαμένων
327 2724 371 2760 και
361 2696 493 2777 ⁸⁸Luer6
464 2721 511 2772 μεν
523 2702 568 2767 τῆς
577 2695 711 2775 γερουσίας
723 2695 806 2750 οἰπον-

60 2793 199 2898 ιτςμίντων,
210 2794 320 2872 ἄρθονον
335 2788 419 2858 δὲτὴν
428 2783 556 2894 χορηγίαν
569 2792 621 2848 τοῖς
635 2780 807 2861 στρατιώταις

60 2900 112 2933 ικαι
123 2883 169 2945 τοῖς
179 2878 283 2986 266Laaor
296 2873 514 2983 παρεσχημένων,
529 2868 711 2938 συνεξελόντων
724 2866 804 2925 δέ’
763 2890 808 2924 και

60 2963 205 3045 «1666,
223 2965 292 3044 ἄκρα
312 2960 437 3070 φρουροὺς
450 2962 503 3016 τῶν
517 2954 725 3034 Αίγυπτίων,”
695 2978 725 3025 ης
728 2952 808 3011 ιέισα-

61 3074 114 3124 ιμεν
122 3074 161 3108 και
151 3052 346 3128 ’ἦμεῖςτοέιτων
355 3046 447 3113 αὐτοὺς
457 3044 619 3123 ἀμείψασθαι
628 3042 808 3111 καίτὴνπόλιν

39 3148 72 3188 61
62 3140 147 3195 αιἰτιιῖν
160 3139 299 3197 ἀναλαὸεἷν
307 3132 570 3241 ,κατερθαρμένην’
555 3132 605 3189 υπὸ
615 3134 667 3188 τῶν
679 3128 735 3207 περ’·
750 3128 809 3194 τοὺς

62 3226 205 3329 ιᾶιθρώπους
214 3222 461 3303 συμπεσόντων,καί
473 3218 615 3279 συνοικίσαι
626 3221 676 3275 τῶν
688 3220 810 3293 διεσπαρ-

61 3311 150 3387 ιμένων
171 3318 204 3381 είς
224 3314 306 3383 αὐτὴν
328 3311 407 3371 ποίλιν
430 3308 612 3368 συνελθόντων.
657 3306 808 3407 Πρῶτονδ

62 3424 117 3455 ιαντ
117 3405 148 3467 οἷς
160 3401 319 3481 ἐκρίναμεν
304 3398 348 3457 οιίι
361 3397 407 3468 τὴν
419 3400 464 3454 ets
449 3396 551 3455 έθειαν
566 3394 709 3497 παρασχεῖν
721 3391 811 3461 ntum

62 3485 114 3550 ιτθς
122 3489 240 3553 θυσίας’
211 3487 305 3553 συνταξ
309 3512 341 3556 ιν,
354 3489 453 3556 κτηνῶν
463 3507 491 3541 τε
502 3486 617 3557 θυσίμων
630 3503 675 3537 και
666 3478 754 3536 ὀἴνου
765 3478 811 3535 καί

37 3584 70 3623 ⁸«
62 3574 153 3632 «ελαίου
173 3600 216 3632 και
207 3575 360 3649 λιίίαίνου,
374 3596 453 3646 τιμην
468 3569 588 3650 ἀργυρίου
604 3567 734 3646 μυριέδων
749 3565 809 3636 660,

62 3659 402 3769 ικαὶσεμιδέλεωςάρτοίόας
415 3660 485 3737 ἱερὰς
475 3658 523 3725 ἐξ
534 3654 640 3715 καθ’
617 3679 660 3713 τον
671 3651 810 3761 ἐπιχρίριον

63 3747 145 3821 ινόμον
150 3748 399 3860 πυ,ρῶγμεδίμνρυς
406 3745 504 3825 χιλίους
512 3739 811 3851 τετρμκοσίουςκαίέξή-

64 3856 158 3911 ιτιοια,
167 3839 210 3895 καὶ
223 3839 294 3895 ἁλῶν
307 3835 445 3912 μεδίμνους
458 3832 618 3912 τριακοσίους
633 3827 811 3904 ἓὸδομήκοντα

65 3921 154 3980 ’πέντε
167 3927 306 3985 Τιλεῖσθαι
326 3924 348 3980 δ’
366 3923 452 3986 αὐτοῖς
470 3924 552 3977 ταῦτα
572 3917 712 3996 βούλομαι,
728 3919 812 3980 καθως

40 4023 73 4059 ιιι
86 4008 227 4087 ἐπέσταλκα,
239 4009 323 4070 καθ’
299 4033 329 4068 το
340 4007 432 4088 περλ“
409 4031 439 4065 το
450 4006 518 4087 ἱερὸν
531 4002 745 4085 ἀπαρτισθῆναι
731 4026 812 4081 εργον,

65 4096 150 4163 ’τίετε
163 4100 236 4167 στυθις
247 4101 293 4159 καί
303 4097 328 4156 εί
342 4120 368 4155 τι
380 4096 466 4175 ἕτερον
481 4096 650 4169 οἰκοδομῆσαι
664 4090 724 4150 δέοι.
735 4090 771 4150 Ἠ
787 4089 813 4147 δὲ

66 4207 74 4232 ι
84 4188 125 4240 τῶν
133 4185 208 4253 ξύλων
219 4188 268 4257 θλη
278 4184 492 4261 κατακομιζέσθω
507 4180 533 4249 ἐξ
548 4183 627 4290 μῦτῆς
639 4202 667 4237 τε
681 4183 728 4249 τῆς
740 4180 814 4237 ’lou-

66 4295 74 4320 ‘
87 4272 147 4339 626²<
158 4299 200 4333 και
190 4276 287 4334 ’ἐκ
252 4298 305 4333 των
318 4273 403 4331 ἄλλων
418 4274 496 4330 ἐθνῶν
513 4292 559 4327 και
548 4269 605 4326 ’ἐκ
622 4290 669 4325 του
652 4265 813 4333 hr66vou,

68 4363 128 4432 ιδμη
129 4385 176 4429 svo<
183 4359 467 4474 πρασσομένουτελομς·
479 4357 572 4433 ὁμοίως
583 4354 659 4414 66⁸
619 4378 663 4413 και
671 4356 697 4412 ἐν
707 4362 759 4419 τοῖς
772 4353 818 4411 έλ-

43 4456 75 4491 θ
67 4446 139 4517 λιες,
152 4445 209 4507 ἐν
185 4474 219 4517 οις
236 4450 267 4509 ἂν
282 4445 484 4529 ἐπιφανεστέραν
498 4443 613 4522 γίνεσθαι
626 4440 674 4512 τὴν
688 4464 731 4499 του
715 4444 815 4519 ἱεροῦ

69 4534 250 4609 ιίπιακευὴν’
223 4560 282 4597 οεοι.
305 4531 564 4596 Πολιτευέσθωσανδ
550 4528 627 4589 δὲ’
590 4552 684 4596 παντες
697 4530 743 4585 οῖ’
732 4552 761 4585 εκ
772 4533 816 4585 τοῦ

36 4663 37 4666 =
69 4619 157 4690 ἔθνους
166 4626 231 4683 κατα
240 4650 298 4691 τους
305 4648 359 4682 πα
350 4644 440 4703 ρωους
448 4620 547 4696 νοαους
542 4615 654 4675 ·έάπολυ
655 4622 708 4674 σθω
716 4614 817 4693 θὲὴγι·

70 4727 78 4754 ⁸
89 4710 162 4781 ριυτία
171 4712 213 4769 καί
224 4716 248 4769 οἱ
258 4716 335 4790 ἱερεῖς
345 4733 390 4767 και
380 4709 423 4767 ὀἱ
431 4710 593 4787 γραμματεῖς
604 4727 648 4762 του
632 4707 728 4783 Ἴεροῶ
737 4701 782 4759 καλ
794 4705 818 4761 οἱ

70 4792 251 4875 ’ἱεροθέλται
231 4824 267 4858 ων
277 4797 385 4879 ὓπέρ”
352 4821 398 4866 της
411 4798 525 4877 κεραλῆς
536 4795 639 4852 τελοῦσι
649 4791 694 4849 καλ
703 4796 748 4849 τοῦ
757 4813 801 4849 σεε
806 4825 819 4834 -

45 4899 80 4937 ⁵⁰
91 4886 180 4961 sta'sou
191 4888 267 4969 φόρου
276 4883 609 4965 καίτοῦπερίτῶνοίλλων
617 4877 719 4940 ’έίναδ
728 4886 819 4938 θαπτον

70 4972 174 5039 6³⁰6oe
183 4979 343 5054 κατοικισθῇ,
351 4972 496 5049 δίδιιμι
454 4994 505 5036 τοις
517 4993 546 5027 τι
557 4975 601 5026 νῦν
611 4972 760 5026 κατοικοῦσι
773 4966 819 5023 καὶ

72 5062 296 5151 ικατελευσομένοις
305 5061 402 5126 tumst
411 5059 493 5138 Ὑπιρ
495 5056 541 5138 θερ
543 5055 628 5115 εταίυυ
638 5054 718 5132 μηνὸς
728 5051 820 5111 ἀτελέ-

72 5165 125 5199 ισιν
133 5138 231 5206 εἶναι’
198 5174 275 5261 μεχρι
286 5152 363 5231 τριῶν
373 5151 448 5207 ἐτῶν.
480 5081 639 5222 Ἀπολιίομεν
651 5142 678 5200 δέ
690 5166 735 5201 και
726 5138 813 5208 ἐἴς’
789 5162 819 5197 το

74 5230 205 5293 60166'
180 5238 319 5304 αυτοθςτοῦ
342 5235 429 5316 τρίτου
450 5231 541 5314 μέρους
559 5256 610 5290 τυιν
631 5230 731 5312 φόρων,
753 5228 820 5284 ὥστε

509 460 635 531 ΑΝΤΙΟ.
656 457 739 517 tub.
762 454 833 513 LlB.
857 454 922 511 ΧΠ.
944 452 1024 512 cat).
1048 452 1097 510 ill.

1389 446 1509 523 [canava]
1553 458 1607 505 tii

840 599 943 657 sudate,
965 611 1036 659 quam
1055 596 1166 660 prauclare
1183 594 1232 645 dc'
1226 608 1277 657 rpso
1289 593 1366 642 meriti
1383 594 1481 653 laverint,
1496 593 1615 655 simulque

840 701 973 763 significans
984 712 1038 763 quae
1047 712 1146 749 munera
1156 698 1202 747 ittis
1212 696 1316 745 vicissim
1324 695 1379 744 dare
1386 695 1529 743 decreverat.
1539 699 1616 757 Atque

840 816 920 852 esrum
930 802 1049 865 exemplar
1059 802 1195 862 subjiciam,
1205 813 1279 863 quarn
1290 800 1355 862 prius
1367 800 1509 849 narraverim
1522 812 1576 861 quac
1586 798 1614 847 ad

841 906 912 955 tidem
922 906 1001 955 verbis
1011 905 1096 953 nostris
1106 903 1235 953 taciendam
1248 902 1341 965 scripsit
1349 902 1459 963 Polybius
1469 901 1617 963 Megalopoli-

841 1014 919 1058 tanus.
936 1008 1017 1058 llam
1011 1021 1034 1057 m
1048 1006 1204 1057 ilistoriarum
1218 1018 1314 1055 suarum
1328 1005 1387 1054 libro
1402 1005 1495 1053 decimo
1507 1009 1573 1053 sexto
1585 1004 1618 1053 ila

842 1111 932 1160 dicit«
921 1114 1030 1173 asrapas
1041 1112 1122 1159 autern
1134 1108 1254 1171 copiarum
1267 1108 1387 1157 Ptolemaai
1397 1106 1460 1165 dux,
1470 1105 1500 1155 ad
1511 1108 1617 1167 regiones

844 1232 856 1256 ι
869 1213 1001 1276 superiores
1013 1225 1081 1261 verso
1093 1210 1196 1273 impetu,
1209 1224 1250 1273 per
1263 1210 1364 1259 hiemem
1374 1208 1512 1259 iudaeorum
1524 1214 1617 1270 gentem

846 1338 857 1359 ι
868 1318 991 1378 subegit.»
1005 1316 1094 1367 Eodem
1105 1316 1176 1365 etiam
1189 1315 1213 1365 in
1225 1314 1285 1363 libro
1294 1313 1365 1363 retert
1373 1312 1508 1376 quomodo,
1521 1332 1533 1356 ι
1543 1316 1619 1376 scopa

845 1441 857 1464 ι
869 1422 900 1470 ab
911 1420 1027 1471 Antiocho
1036 1422 1146 1481 superato
1155 1456 1162 1479 ,
1171 1417 1302 1465 Antiochus
1313 1418 1446 1465 Batanmam
1456 1421 1480 1489 οι
1490 1416 1618 1465 samariam

846 1544 858 1567 ι
870 1527 894 1573 et
900 1524 968 1573 Abila
986 1530 1009 1571 et
1025 1521 1118 1571 Gadara
1136 1520 1238 1583 recepit,
1256 1523 1327 1581 atque
1337 1519 1406 1581 paulo
1418 1518 1557 1581 postiudoei
1567 1531 1620 1567 sese

846 1648 858 1670 ι
872 1642 894 1677 er
888 1628 1064 1686 'tradiderunt,
1081 1628 1199 1688 quotquot
1215 1624 1277 1673 circa
1289 1624 1369 1672 tanum
1381 1623 1542 1685 hierosolyma
1556 1636 1617 1673 nun·

847 1752 859 1774 ι
871 1736 983 1794 cupatum
1001 1710 1195 1779 inmtebantssne
1211 1739 1259 1790 quo
1276 1738 1350 1789 quam
1369 1726 1444 1775 multa
1462 1726 1561 1775 dicenda
1577 1726 1619 1775 ha·
1672 1706 1674 1711 ⁸

847 1855 859 1877 ι
872 1834 986 1892 mamus,
1008 1833 1139 1896 praesertim
1158 1834 1254 1893 propter
1273 1829 1355 1891 tenrpli
1369 1829 1432 1878 iilius
1446 1828 1621 1889 celebritatem,

847 1958 859 1981 ι
870 1951 925 2001 quae
936 1936 1053 1985 narranda
1064 1935 1222 1997 supersuntin
1232 1932 1295 1981 atiud
1305 1938 1398 1994 tempus
1410 1930 1557 1981 dillcremua.
1570 1951 1581 1973 ι
1592 1934 1622 1980 Et

847 2039 900 2087 hoec
908 2038 1005 2101 quidem
1017 2037 1129 2099 Polybius
1140 2036 1163 2083 in
1174 2035 1276 2084 Historia
1289 2047 1340 2083 sua.
1368 2036 1416 2083 llos
1429 2047 1484 2085 vero
1493 2035 1621 2084 orationem

847 2144 1013 2195 revocabimus
1030 2142 1060 2191 ad
1080 2142 1238 2191 narrationem
1257 2140 1404 2199 institutam,
1422 2144 1547 2201 postquam
1568 2141 1623 2188 anta

847 2250 929 2298 oculos
938 2247 1087 2311 posuerimus
1099 2244 1206 2295 Antiochi
1218 2243 1338 2304 epistolas.

909 2364 956 2411 lter
969 2360 1098 2409 Antiochus
1111 2358 1238 2407 Ptolemaeo
1248 2356 1357 2405 salutem.

881 2450 985 2505 «Quum
997 2451 1011 2497 J
1014 2448 1073 2495 arlaci
1083 2480 1089 2504 ,
1100 2445 1198 2493 simulac
1207 2445 1231 2491 in
1243 2456 1325 2492 sorum
1342 2442 1399 2491 lines
1415 2442 1512 2502 inpressi
1525 2454 1623 2501 suanus,

851 2541 981 2590 «studium
994 2552 1047 2601 erga
1057 2550 1100 2587 nos
1109 2550 1179 2585 suum
1190 2536 1373 2595 declaraverint,
1387 2537 1411 2582 et
1422 2534 1446 2581 in
1458 2534 1540 2584 urbem
1555 2546 1623 2583 suana

851 2649 999 2697 «venientes
1015 2644 1136 2708 splendide
1147 2645 1298 2706 acceperint,
1317 2655 1421 2704 comque
1435 2645 1518 2691 senata
1529 2640 1625 2691 obviam

852 2777 863 2799 ι
875 2756 1020 2819 prodierint,
1032 2758 1056 2803 et
1066 2752 1180 2801 militibus
1189 2750 1367 2813 elephantisque
1376 2742 1455 2799 omnia
1461 2748 1557 2798 abunde
1565 2761 1624 2811 praa·

853 2865 982 2923 abuerint,
995 2874 1084 2923 nosque
1094 2861 1117 2909 in
1128 2858 1288 2921 expugnando
1296 2857 1460 2919 AEgyptlorum
1472 2857 1496 2905 in
1505 2869 1557 2905 arca
1567 2868 1625 2919 prm·

853 2994 865 3017 ι
876 2975 935 3023 sidio
944 2972 1091 3035 adjuverint,
1104 2972 1181 3019 visum
1191 2972 1227 3018 est
1236 2966 1306 3016 nobis
1316 2978 1357 3015 eos
1370 2979 1412 3028 pro
1422 2964 1459 3013 bis
1468 2964 1625 3026 remunerari,

854 3104 865 3127 ι
876 3088 991 3133 eteorum
1002 3080 1094 3139 urbem,
1108 3077 1201 3126 casibus
1210 3112 1217 3136 ,
1227 3073 1268 3137 qai
1280 3073 1357 3123 solent
1366 3069 1502 3120 hominibus
1511 3069 1626 3129 accidere,

855 3210 867 3233 ι
879 3189 985 3237 adversis
1000 3187 1178 3244 labefactatam,
1190 3181 1285 3231 reficere
1297 3184 1369 3240 atque
1384 3178 1549 3239 frequentare,
1561 3188 1628 3225 ravo·

856 3318 867 3339 ι
879 3297 940 3345 ratis
948 3296 972 3343 in
982 3308 1033 3343 earn
1044 3294 1072 3343 iis
1082 3294 1123 3356 qui
1135 3294 1192 3341 aunt
1202 3290 1311 3353 dispersi.
1342 3292 1376 3339 Ao
1391 3288 1495 3350 primurn
1504 3285 1539 3333 eia
1549 3284 1628 3361 decr?

855 3424 866 3445 ι
879 3403 956 3450 vimus
970 3400 1089 3461 religionis
1110 3411 1181 3447 causa
1198 3395 1325 3459 praebenda
1338 3393 1453 3443 conficere
1470 3391 1501 3441 ed
1517 3390 1630 3440 sacrificia

856 3531 867 3553 ι
878 3508 909 3557 de
918 3508 1048 3572 pecudibus
1057 3520 1111 3569 quae
1128 3504 1254 3553 sacrificari
1270 3502 1361 3562 solent,
1373 3500 1475 3561 alvino,
1492 3505 1516 3548 et
1527 3500 1596 3563 oleo,
1607 3504 1631 3549 ot

857 3618 963 3674 «thore,
980 3616 1009 3663 ad
1028 3614 1129 3676 pretium
1144 3616 1307 3673 argenteorum
1323 3609 1396 3657 vicies
1412 3607 1490 3666 millo,
1507 3610 1531 3655 et
1547 3608 1631 3657 similar

856 3724 974 3773 «artabas
991 3735 1070 3771 sacras
1086 3718 1217 3769 secundum
1231 3716 1333 3777 regionis
1350 3716 1420 3765 istius
1436 3727 1527 3763 morem
1540 3728 1596 3775 serr,
1607 3720 1633 3765 et

857 3856 869 3877 ο
882 3832 956 3882 tritici
968 3829 1100 3879 medimnos
1118 3826 1182 3875 mitta
1194 3824 1378 3888 quadringentos
1393 3826 1528 3887 sexaginta,
1545 3826 1633 3875 elsatia

858 3964 869 3986 ι
883 3940 1016 3991 medimnos
1028 3940 1146 3987 trecentos
1158 3934 1307 3997 septuaginta
1318 3932 1431 3996 quinque.
1445 3938 1523 3996 Atque
1533 3935 1584 3983 taauc
1599 3934 1633 3982 eie

859 4071 871 4093 ι
883 4052 943 4101 solvi
951 4052 1013 4111 voto,
1021 4046 1221 4112 quemadmodum
1231 4044 1488 4106 imperavi,tcmptique
1495 4057 1556 4105 opus
1565 4056 1634 4107 erpe-

859 4182 870 4205 ι
884 4162 942 4221 diri,
951 4168 975 4209 et
990 4159 1111 4222 porticus,
1121 4161 1145 4205 et
1154 4156 1174 4204 si
1184 4155 1240 4217 quid
1250 4152 1313 4203 aliud
1324 4152 1489 4201 aedilicandum
1499 4154 1544 4201 est.
1561 4154 1633 4207 litate·

860 4291 871 4312 ι
885 4271 919 4318 ria
928 4273 1008 4318 autem
1019 4268 1156 4329 apportetur
1168 4278 1197 4312 ex
1209 4264 1259 4325 ipsa
1270 4262 1368 4322 iudana,
1376 4260 1476 4323 aliisque
1486 4257 1634 4319 regionibus,

861 4398 873 4419 ι
886 4382 910 4425 et
923 4376 1025 4433 bibano,
1036 4386 1079 4422 nec
1095 4370 1170 4420 ultum
1185 4369 1284 4430 vectigal
1298 4369 1413 4431 exigatur.
1456 4366 1521 4415 idem
1535 4364 1589 4413 dico
1606 4366 1635 4413 de

862 4504 874 4527 ι
886 4483 951 4542 aliis,
960 4480 1049 4543 quibas
1059 4477 1088 4527 ad
1098 4477 1264 4540 speciosiorem
1275 4474 1355 4535 templi
1365 4475 1505 4534 apparatum
1514 4483 1573 4533 opus
1582 4472 1627 4520 erit

862 4612 875 4637 ι
886 4592 976 4641 Vivant
984 4594 1063 4639 summ
1072 4601 1156 4638 onmes
1164 4588 1216 4648 ejus
1226 4584 1326 4634 nationis
1337 4582 1445 4631 homines
1456 4594 1486 4631 ex
1498 4580 1589 4642 legibus
1600 4596 1630 4644 pa

864 4716 875 4739 ι
889 4696 953 4754 lriis,
961 4693 1123 4754 immunisque
1131 4693 1162 4741 sit
1172 4694 1267 4740 senalus
1277 4692 1301 4737 et
1309 4688 1444 4738 sacerdotes
1453 4694 1477 4739 et
1485 4689 1568 4737 scribac
1580 4693 1638 4739 tem·

864 4824 876 4847 ι
887 4802 919 4865 pli
927 4806 951 4851 et
960 4800 1020 4849 sacri
1027 4803 1134 4848 cantores
1142 4800 1166 4845 et
1175 4797 1205 4845 ab
1214 4810 1243 4845 eo
1252 4794 1316 4857 quod
1327 4809 1368 4857 pro
1377 4794 1453 4856 capite
1461 4792 1568 4855 pendunt
1577 4799 1600 4842 el
1608 4794 1638 4842 ab

865 4930 877 4953 ι
887 4923 945 4958 auro
954 4906 1075 4955 coronario
1082 4904 1181 4965 aliisque
1190 4901 1294 4952 tributis.
1306 4904 1339 4949 Ac
1346 4914 1393 4963 quo
1400 4899 1470 4949 citius
1477 4899 1639 4961 trequenteiur

865 5038 878 5062 ι
887 5017 954 5075 orbs,
967 5014 1070 5063 concedo
1083 5014 1111 5061 iis
1119 5013 1159 5074 qai
1169 5025 1233 5061 nunc
1244 5010 1515 5072 sarababmnr‚qaique
1525 5010 1639 5073 usquead

865 5136 996 5173 «rraensem
1007 5121 1217 5184 Hyperboretaeum
1226 5132 1255 5168 eo
1262 5118 1423 5181 nrigravarint,
1433 5117 1606 5168 immunitatem
1615 5119 1638 5167 in

866 5231 1026 5283 «triennium.
1061 5228 1123 5288 Quin
1139 5228 1210 5278 eliam
1222 5226 1245 5275 in
1261 5230 1381 5289 posterum
1396 5222 1488 5273 tertiam
1498 5225 1639 5274 tributorum
