3859 6084
549 552 675 625 sunto.
697 550 777 613 ion.
800 552 872 613 ιιι.
896 552 959 611 ιν.
980 554 1061 613 ειν.
1084 554 1116 611 ν.
1194 526 1201 539 ’

49 702 86 753 32„
106 684 328 765 ἐπιχειρησάντων
342 687 469 754 ἡττῶντο,
484 683 529 741 καί
546 682 644 749 πολλὰς
658 682 805 759 ἑλοίμδανον
849 690 1041 743 iaciieoedebant
1053 692 1082 740 its
1093 691 1134 753 qui
1144 704 1184 741 eos
1195 692 1272 742 adorti
1283 662 1354 755 sunt,
1367 696 1391 743 et
1403 708 1512 755 magnam
1526 694 1618 743 ctndeor

49 774 134 850 πληγὰς
148 777 173 830 ἓν
184 773 292 851 papiae
303 771 426 851 ἀφίπποις
439 770 483 829 καί
497 770 663 850 πῑτρώδῑσῑνι
675 762 711 827 ὧν
723 770 805 829 'imit
849 790 995 853 accipiebant
1008 791 1030 839 in
1047 790 1106 839 iocis
1117 792 1218 854 petrosis
1232 796 1255 841 et
1265 792 1293 843 ad
1306 792 1461 855 equitandum
1475 807 1560 855 parurn
1572 792 1620 839 ido·

48 886 84 928 “d
107 859 241 939 ίίίπῑῑθίαν
272 850 343 936 ῑίχθ*
367 862 392 917 θί
411 858 459 929 riv
486 856 598 916 ίπίθῑΰῑν
624 857 803 932 itoni⁶²¹i²⁸⁹⁰¹·
849 884 1197 947 neis,iaquibusassuetiores
1210 888 1326 951 erantqoi
1341 888 1497 938 lacessebant.
1525 891 1622 938 Postea·

50 562 154 631 ζιτιπτι.)
1391 562 1516 632 [καιρία]
1559 564 1615 616 585

49 952 129 1012 λἀκιῗις
141 948 167 1005 δὲ
181 946 342 1026 πασχόντων
353 944 380 1004 σί
390 968 418 1004 τι
431 943 541 1024 Ἄραόις
554 944 658 1011 ίαυτοθς
669 945 807 1023 ἀνειλήφε-

50 1060 87 1095 σαν
97 1037 137 1093 καί
153 1037 232 1093 πόλιν
247 1032 456 1114 ὑποστρέψαντες
469 1033 581 1093 ἔκτεινον
593 1034 645 1104 ἤδη
660 1031 807 1112 τιτραμμί·

48 1148 101 1188 ioue.
115 1122 253 1199 Ἐγένοντο
265 1121 294 1179 δὲ
308 1120 473 1180 παντοδαπαί
484 1119 655 1198 κτιννυμένων
668 1120 806 1196 ἀπώλειαι,

49 1212 83 1266 καὶ
105 1214 152 1267 τῶν
175 1207 371 1267 διαπιπτόντων
392 1210 421 1267 οὗ
439 1207 531 1267 πολλοί
552 1208 705 1289 συνέρευγον
722 1210 757 1273 είς
779 1206 809 1265 τθ

850 992 921 1041 quam
932 981 994 1029 mate
1006 980 1065 1029 adeo
1077 994 1132 1029 cum
1144 982 1173 1031 iis
1190 983 1311 1044 agebatur,
1324 984 1413 1033 Arabes
1424 984 1520 1035 animos
1534 998 1623 1033 τσοιιιιι-

850 1078 960 1137 pseront,
978 1080 1004 1127 et
1016 1078 1125 1127 conuersi
1141 1090 1181 1126 eos
1191 1078 1214 1127 in
1226 1079 1363 1141 iugumjam
1379 1093 1459 1129 versos
1475 1080 1622 1129 occiderunt.

850 1176 927 1233 itam
940 1172 973 1222 ita
991 1171 1068 1221 modis
1083 1174 1193 1223 omnibus
1205 1174 1322 1236 perempti
1337 1174 1465 1224 intedbrnt
1482 1190 1488 1225 :
1506 1178 1625 1239 paucique

849 1268 980 1317 admodum
995 1270 1067 1331 stapsi
1081 1269 1104 1318 in
1117 1274 1197 1319 castra
1209 1284 1235 1320 se
1251 1271 1401 1333 recipiebant.
1433 1272 1540 1323 Herodes
1552 1286 1624 1333 reno,

49 1297 215 1374 στρατόπεδον.
259 1294 296 1355 ‘0
314 1295 340 1353 δὲ
361 1294 481 1374 βασιλεὺς
500 1295 633 1375 Ἡρώδης,
654 1296 809 1370 ἀπεγνωκώς

50 1384 74 1439 ,ρ
87 1386 147 1441 κατὰ
160 1384 209 1455 τὴν
228 1384 331 1461 μάχην,
352 1382 528 1463 ἀρπάζεται
548 1383 666 1461 βοήθεια,
685 1382 760 1453 ἄξων,
778 1382 807 1439 ,η
850 1380 925 1429 quum
932 1368 980 1429 iam
990 1368 1104 1430 depugna
1113 1370 1275 1431 desperasset,
1286 1370 1358 1419 citato
1367 1368 1428 1431 aquid
1438 1370 1573 1419 subsidium
1583 1384 1623 1421 ac·

52 1476 91 1545 μὴ,
104 1472 179 1550 ἔρνη,
194 1472 292 1551 καίπερ
306 1469 471 1534 ἐσπουδακὼς
493 1473 623 1549 ἐπαρκεῖν,
639 1470 705 1527 ἀλλὰ
719 1470 748 1527 τὸ
762 1467 808 1545 μί,
851 1465 938 1513 cersit:
951 1478 1028 1526 aeque
1040 1470 1118 1515 tamen
1130 1469 1235 1527 rnature,
1247 1466 1357 1529 quantivis
1370 1465 1476 1515 adbibita
1488 1466 1624 1529 diligentia,

50 1561 205 1637 στρατόπεδον
230 1558 291 1629 ἥλω
313 1558 365 1617 τών
392 1557 533 1627 Ἰουδαίων,
558 1563 581 1616 oi
602 1560 625 1615 δ’
647 1556 756 1637 Ἀραθες
779 1560 807 1615 οὐ
851 1559 977 1607 subvenire
989 1562 1080 1621 potirit;
1094 1562 1150 1622 quin
1163 1564 1234 1623 capta
1246 1566 1302 1611 sunt
1313 1562 1553 1611 eastraiudaeorum.
1568 1568 1624 1612 Ara·

53 1647 144 1725 μετρίως
170 1649 358 1725 ηὐτυχήκεσαν
384 1648 414 1704 ἐκ
437 1646 605 1723 παραλόγου,
629 1646 703 1717 νίκην
726 1668 756 1703 τε
778 1636 809 1715 ἧς
851 1655 922 1704 bibus
934 1660 1072 1705 autemnon
1085 1657 1320 1707 mediocristeticitns
1336 1660 1622 1723 eninsperatoeonttgtt,

53 1736 155 1791 πλεῖστον
167 1734 320 1805 ἀπεδέησαν
334 1733 497 1813 ἀνειληρότες
511 1734 555 1791 καί
567 1732 665 1803 πολλὴν
676 1736 727 1790 τῶν
740 1736 810 1790 ἐναν-

52 1821 99 1878 τίων
108 1822 266 1901 ἀρηρημένοι
282 1820 402 1897 δύναμιν.
443 1823 622 1879 Τούντεῦθενθ
634 1819 681 1896 μὲν
691 1817 809 1899 Ἡρώδης

51 1908 161 1981 ληστείαις
177 1911 276 1986 ἐχρῆτο
281 1954 291 1979 ,
309 1908 355 1965 καί
368 1907 401 1965 αθ
413 1907 500 1965 πολλὰ
516 1908 684 1987 κατατρέχων
697 1907 744 1977 την
757 1911 809 1965 τῶν

52 1994 148 2071 ’.θρόόων
167 1995 265 2053 ἐκάκου
279 2003 339 2061 ταῖς
359 1996 525 2074 ἐπιδρομαῖς,
546 1994 811 2074 στρατοπεδευόμενος

53 2081 140 2137 ἐπὶτῶν
152 2085 227 2160 δρῶν,
239 2082 289 2140 καί
300 2082 331 2139 τθ
340 2080 387 2157 μέν
401 2081 508 2156 σύμπαν
522 2081 640 2149 ἐξίστατο
651 2083 719 2141 κατὰ
733 2084 810 2157 τοθμ·

53 2164 112 2243 ρανὲς
129 2171 161 2233 είς
177 2170 268 2251 χεῖρας
291 2171 382 2238 ἐλθεῖν,
396 2171 443 2226 οὐκ
463 2169 571 2242 ἀζήμιος
586 2170 612 2227 δί
628 2169 760 2247 γινόμενος
776 2172 809 2246 τῇ

54 2254 153 2334 συνεχείᾳ
161 2255 205 2313 καί
217 2260 257 2334 τῷ
269 2255 402 2337 φιλοπόνῳ
418 2258 469 2313 τῶν
482 2255 534 2333 [τε]
544 2259 643 2314 οἰκείων
659 2260 810 2327 ἐπεμελεῖτο

42 2346 115 2399 remi
124 2342 209 2420 τρόπῳ
219 2344 251 2401 τὸ
265 2344 392 2419 πταῖσμα
403 2344 588 2421 διορθούμενος.

86 2430 137 2502 (δ’.)
147 2430 179 2507 β’.
191 2431 236 2490 Ἔν
242 2428 330 2509 τούτῳ
337 2430 434 2501 καὶτῆς
444 2430 483 2487 ἐπ’
492 2430 583 2511 Ἀκτίῳ
592 2431 679 2510 μάχης
687 2455 810 2491 συνεστα·

55 2513 116 2586 μένης
129 2517 240 2598 Καίσαρι
255 2518 324 2598 πρὸς
340 2516 482 2589 Ἀντώνιον,
498 2518 608 2594 έόδόμου
622 2520 691 2585 ὄντος
705 2519 809 2599 Ἡρώδη

55 2606 88 2667 τῆς
99 2604 220 2680 βασιλείας
235 2605 324 2677 ἔτους,
339 2610 495 2675 σεισθεῖσαὴ
509 2612 543 2682 γῆ
557 2611 608 2664 τῶν
623 2608 765 2678 Ἰουδαίων,
777 2612 811 2673 ὡς

55 2690 90 2744 οὖν
100 2691 177 2749 ἄλλοτ’
188 2693 291 2762 ἐδόκει,
303 2696 354 2750 τῶν
363 2695 390 2750 έν
401 2697 433 2772 τῇ
445 2692 520 2774 χώρα
531 2698 632 2765 κτηνῶν
643 2692 742 2765 πολλὴν
752 2700 810 2773 ρθο·

40 2774 91 2850 νρίν
107 2778 226 2850 ἐποίησεν,
249 2779 402 2859 ἐρθόρησαν
417 2780 444 2837 δὲ
465 2782 510 2839 καί
532 2784 583 2838 τῶν
606 2780 746 2861 ἀνθρώπων
762 2782 811 2839 ὑπὸ

56 2872 98 2927 ταῖς
110 2866 285 2933 πεπτωκυίαις
298 2866 388 2932 οἰκίαις
402 2868 461 2946 περὶ
481 2867 661 2949 τρισμυρίους,
680 2868 709 2926 τθ
725 2868 811 2944 μέντοι

57 2954 217 3026 στρατιωτικὸν
236 2957 263 3011 ἐν
290 2953 407 3033 θπαίθριρ
422 2954 589 3029 διαιτώμενον
609 2954 680 3014 οὐδὲν
702 2956 751 3012 ὑπὸ
768 2961 811 3012 τοῦ

56 3040 132 3103 πίθους
142 3040 305 3110 κατεώλοίὸη.
320 3044 413 3100 Ταῦτα
425 3043 621 3117 πυνθανομένοις
630 3052 681 3108 τοῖς
690 3041 811 3121 Ἄραψιν,

56 3124 90 3177 ιιι
100 3127 188 3197 μᾶλλον
197 3127 215 3196 ἢ
223 3128 298 3185 κατὰ
309 3128 432 3198 ἀλήθειαν
441 3127 646 3205 ἐξαγγελλόντων
659 3133 745 3194 αὐτοῖς
757 3129 811 3187 όσοι

39 3212 101 3275 teus
112 3214 169 3294 ’νπὲρ
181 3220 232 3273 τῶν
246 3217 392 3293 γεγονότοιν
406 3215 496 3293 λόγους
509 3220 545 3296 τῷ
560 3217 631 3292 μίσει
639 3221 689 3273 τῶν
704 3220 812 3275 όκουσο·

57 3299 122 3369 μένων
136 3304 298 3379 ἐχαρίζοντο,
313 3307 400 3378 μεῖζον
411 3304 485 3381 ἐπῄει
497 3312 606 3383 ρρονεῖν,
616 3308 651 3369 ώς
663 3308 708 3373 τῆς
719 3328 746 3361 τε
758 3304 812 3383 χώ-

58 3410 92 3461 ,νες
104 3389 328 3469 ανατετραμμένης
350 3392 402 3456 τοῖς
424 3392 557 3465 πολεμίοις
579 3392 625 3449 καί
647 3391 812 3470 διερθορότων

56 3478 94 3529 τῶν
111 3477 246 3554 ἀνθρώπων
273 3478 353 3553 μηδὲν
378 3478 416 3535 έτι
434 3480 494 3555 μηδ’
510 3481 545 3543 εἰς
565 3478 655 3545 αὐτοὺς
672 3479 811 3538 ἀντίπαλον

57 3566 234 3645 ιιταλελεῖρθαι
248 3568 344 3623 δοκεῖν.
361 3566 415 3624 Καί
426 3570 477 3623 τῶν
489 3589 517 3623 τε
532 3566 663 3625 Ἰουδαίων
676 3564 734 3632 τοὺς
746 3566 812 3645 πρέ-

39 3648 112 3715 reim
126 3644 199 3721 γῆκον
213 3652 265 3730 γδιρ
278 3654 321 3710 ἐπὶ
334 3656 386 3719 τοῖς
400 3652 576 3731 γεγενημένοις
590 3652 693 3731 εἰρήνην
705 3655 811 3724 ποιησό·

58 3744 127 3808 μενοι)
142 3740 314 3805 συλλαθόντες
328 3742 490 3811 ἀπέκτειναν,
508 3740 553 3799 καί
573 3741 638 3815 μετδι
651 3740 738 3810 πάσης
749 3764 811 3822 προ-

58 3825 132 3893 θυμίας
149 3825 260 3906 ἐχώρουν
275 3826 320 3884 ἐπὶ
339 3828 368 3885 τθ
388 3826 572 3906 στρατιωτικὸν
591 3830 683 3887 αὐτῶν.
736 3832 771 3887 Οἱ
790 3830 811 3887 δ’

58 3909 102 3966 τότε
111 3914 153 3983 τὴν
165 3914 254 3993 ἔροδον
265 3914 410 3982 ἐξεδέξαντο
422 3916 467 3973 καί
480 3916 544 3995 πρὸς
554 3914 599 3981 τίς
612 3915 743 3993 συμμορθις
754 3914 813 3974 αἰθό-

58 4020 100 4066 ,υως
112 4002 263 4077 διακείμενοι
272 4001 392 4081 προΐεντο
401 4002 434 4059 τό
449 4003 606 4081 πράγματα,
617 4005 737 4061 πλεῖστον
750 4007 812 4061 ἀπο-

39 4084 155 4154 θγνώαεως
177 4092 218 4147 ἐπ’
233 4090 321 4155 αὐτοῖς
339 4089 500 4156 πεπονθότες·
520 4092 548 4148 οὐ
565 4089 615 4168 γθιρ
636 4083 667 4161 ἦν
687 4090 745 4148 οὔτε
759 4094 814 4148 iao·

57 4173 128 4244 τιμίας
141 4180 210 4243 ἐλπὶς
228 4176 435 4256 προηττημένοις
447 4179 474 4235 ἐν
490 4186 545 4243 ταῖς
564 4177 663 4256 μάχαις
675 4177 733 4237 οὔτε
749 4183 813 4256 βοη-

58 4258 111 4325 θείας
120 4264 306 4341 κεκακωμένων
315 4267 401 4331 αὐτοῖς
411 4268 461 4322 τῶν
470 4264 535 4323 οἴκοι
542 4265 713 4345 πραγμάτοιν.
724 4265 814 4331 Οὕτως

58 4335 91 4401 οἷν
103 4350 218 4427 ἐχόντων,
233 4355 357 4429 ἐπῆγενό
377 4351 497 4431 βασιλεὺς
511 4352 580 4433 λόγῳ
593 4376 622 4410 τε
643 4354 737 4411 πείθων
756 4354 814 4419 τοὺς

58 4434 167 4507 ἧγεμόνας
180 4439 224 4496 καί
236 4438 394 4517 πειρώμενος
404 4438 597 4514 ἀναλαμόιίνειν
611 4444 695 4496 αὐτῶν
708 4463 813 4497 πεπτω·

40 4518 109 4575 *saza
119 4523 149 4580 τθι
162 4527 325 4604 ρρονηματα.
355 4525 563 4607 Προδιακινήσας
577 4528 604 4583 δὲ
619 4526 664 4583 καί
677 4532 812 4605 παραθαρ-

59 4604 120 4678 paine
132 4612 199 4677 τινός
210 4617 262 4671 τῶν
277 4612 418 4689 ἀμεινόνων
432 4612 574 4689 ἐτόλμησεν
583 4613 633 4684 ἤδη
644 4614 735 4693 καὶτῷ
746 4615 813 4685 πλή-

59 4694 88 4746 θει
100 4695 268 4777 διαλέγεσθαι,
280 4700 404 4779 πρότερον
418 4701 498 4758 ὀκνῶν
511 4700 588 4776 αὐτὸ,
600 4701 636 4777 μὴ
648 4701 693 4758 καί
705 4704 814 4782 χαλεπῷ

851 1755 965 1817 victoria,
977 1770 990 1803 a
1002 1770 1050 1817 (μιν
1063 1756 1192 1818 plurimum
1203 1759 1301 1809 aberant
1312 1764 1462 1821 ,reportata,
1474 1760 1627 1826 boetiumque

852 1854 942 1902 viribus
958 1854 1027 1906 vaide
1041 1857 1138 1905 attritis.
1174 1857 1290 1919 Deinceps
1310 1858 1416 1909 iierodes
1438 1859 1569 1909 latrociniis
1580 1865 1628 1911 nte·

852 1953 933 2016 batur,
949 1953 1078 2015 multisque
1088 1954 1157 2001 iactis
1166 1954 1346 2003 excursionibus
1364 1954 1481 2007 Arabiam
1493 1956 1628 2007 incursibus

852 2054 976 2116 nutabat,
992 2055 1016 2103 in
1029 2054 1150 2104 montibus
1160 2056 1237 2103 castra
1255 2054 1359 2116 tacteus,
1370 2057 1442 2116 atque
1451 2055 1476 2104 iu
1489 2056 1628 2105 universum

852 2163 883 2199 ne
897 2154 979 2211 aperte
995 2149 1024 2197 ad
1042 2162 1127 2197 ιιιιιιιιιε
1147 2148 1238 2197 reniret
1255 2148 1354 2197 carebat
1367 2162 1373 2195 :
1388 2162 1464 2210 aeque
1479 2154 1559 2201 umen
1579 2166 1627 2201 nou

853 2246 962 2297 hostibus
978 2246 1118 2297 assiduitate
1133 2250 1157 2295 et
1176 2246 1253 2295 tabere
1272 2245 1475 2307 incommodabat,
1492 2250 1517 2297 et
1528 2260 1627 2301 snorum

852 2360 934 2397 casum
944 2348 1010 2397 omni
1024 2348 1112 2396 ratione
1124 2346 1240 2407 corrigere
1254 2345 1377 2393 studebat.

883 2438 957 2499 (titt.)
971 2443 993 2488 2.
1009 2440 1098 2485 interea
1108 2450 1148 2498 per
1159 2440 1251 2497 tempus
1260 2448 1345 2499 pugnae
1356 2436 1469 2497 Actiacae,
1478 2449 1531 2497 quae
1539 2439 1628 2487 Caesari

852 2538 907 2575 cum
918 2526 1020 2575 Αιιίυιιίο
1030 2524 1142 2573 tuitaoao
1152 2524 1216 2585 reperii
1227 2524 1325 2573 Herodis
1337 2524 1451 2587 septimo,
1462 2538 1575 2573 concussa
1585 2530 1626 2575 iu·

852 2615 911 2663 dese
919 2620 993 2673 ιεττιι,
1002 2618 1116 2675 orinatum
1125 2627 1245 2677 nunquam
1252 2618 1321 2663 asima
1330 2614 1462 2673 ridebatur,
1471 2628 1578 2677 magnam
1589 2630 1627 2679 pe·

853 2720 935 2754 eorum
947 2710 1048 2765 stragem
1061 2704 1115 2753 iecit
1124 2718 1166 2766 per
1176 2709 1248 2753 totam
1259 2705 1391 2765 regionem,
1401 2718 1560 2767 oppressaque
1571 2711 1628 2754 suut

854 2796 978 2844 bominum
986 2794 1056 2843 etiam
1064 2796 1157 2843 circiter
1163 2794 1259 2855 triginta
1267 2794 1341 2842 mittin
1350 2796 1419 2843 ruina
1430 2794 1554 2844 domorum
1567 2817 1572 2845 :
1584 2798 1626 2845 sed

853 2887 985 2945 exercitus,
997 2884 1061 2947 quod
1079 2890 1128 2933 erat
1142 2884 1252 2945 subdio,
1265 2884 1288 2933 in
1298 2898 1339 2945 ea,
1348 2898 1419 2947 quam
1433 2886 1472 2933 aiii
1485 2886 1546 2947 passi
1558 2894 1628 2946 suut,

853 2976 985 3025 catarnitate
998 2976 1086 3025 iitoesus
1097 2976 1190 3024 amasii.
1203 2979 1263 3032 Quae
1273 2989 1348 3038 quum
1357 2975 1446 3025 Arabes
1456 2976 1517 3024 sama
1526 2978 1627 3039 accepis·

853 3071 919 3126 seut,
932 3068 1000 3129 ptura
1015 3066 1086 3115 etiam
1099 3080 1170 3129 quam
1187 3080 1242 3114 vera
1257 3072 1336 3115 essent
1346 3065 1375 3115 ad
1388 3066 1442 3117 ittos
1458 3068 1629 3129 perferentibus

853 3158 895 3220 qrni
911 3170 1017 3205 rumores
1028 3156 1057 3205 de
1069 3157 1098 3205 iis
1108 3170 1162 3219 quae
1172 3162 1301 3205 euenerant
1316 3156 1340 3205 ia
1359 3157 1436 3219 majus
1452 3158 1559 3219 ungendo
1571 3164 1630 3207 Ara·

855 3250 912 3297 bum
928 3248 983 3296 odio
1007 3247 1207 3307 gratiiteabantur,
1226 3247 1326 3309 σιτίοισι
1347 3248 1445 3310 spiritus
1463 3254 1629 3309 sumpserunt,

854 3339 935 3401 quasi,
951 3351 1035 3385 eversa
1054 3337 1157 3387 bostium
1172 3342 1234 3385 terra
1251 3337 1382 3398 deletisque
1403 3337 1551 3397 inminibus,
1571 3339 1629 3387 nituit

853 3430 902 3490 jam
921 3442 1045 3490 superesse
1058 3428 1177 3477 videretur
1188 3426 1253 3490 qood
1264 3428 1322 3489 ipsis
1337 3428 1450 3478 obstaret.
1483 3428 1547 3485 Quin
1557 3426 1630 3477 etiam

854 3520 991 3569 iudaeorum
1008 3520 1175 3581 segisamam
1186 3532 1215 3567 eo
1231 3524 1344 3567 venerant
1353 3520 1406 3581 post
1418 3517 1463 3567 ista
1472 3532 1527 3581 quai
1541 3518 1630 3568 accido·

854 3616 907 3664 rant
920 3624 1001 3674 pacem
1013 3610 1112 3671 tacturi)
1127 3610 1311 3673 comprehensos
1320 3610 1499 3670 interfecerunt,
1514 3614 1538 3658 et
1547 3610 1571 3658 ίιι
1588 3622 1630 3659 eo·

856 3716 909 3751 rum
925 3702 1055 3749 exercitum
1068 3702 1133 3751 orani
1149 3701 1229 3751 studio
1241 3702 1274 3749 ire
1292 3700 1473 3749 contenderunt.
1506 3706 1537 3751 st
1552 3700 1631 3750 iudaei

855 3794 976 3841 incursum
989 3792 1084 3841 itionum
1097 3792 1205 3853 excipere
1217 3790 1390 3848 detrectarunt,
1399 3792 1540 3853 animosque
1550 3804 1578 3839 ex
1590 3804 1631 3840 ca-

855 3882 961 3932 lamitate
972 3882 1145 3944 despondentes
1157 3894 1252 3931 omnem
1263 3882 1292 3931 de
1305 3881 1375 3929 rebus
1385 3882 1435 3929 suis
1444 3889 1525 3929 curam
1538 3882 1630 3945 abjicis

857 3972 926 4032 baut,
937 3974 964 4021 ut
973 3972 1082 4034 quaejam
1093 3972 1251 4021 abiiiisvatde
1263 3970 1393 4032 desperatae
1403 3975 1496 4019 emeat:
1510 3984 1557 4019 aon
1569 3970 1631 4019 enin:

856 4063 980 4125 speraiant
991 4066 1045 4124 post
1057 4066 1092 4110 tot
1103 4062 1181 4111 stades
1193 4063 1216 4109 ia
1227 4060 1314 4122 praeitis
1324 4062 1434 4122 acceptus
1449 4060 1526 4121 eequis
1540 4060 1632 4109 viribus

856 4153 1019 4201 decertaturos
1027 4166 1087 4211 esse,
1096 4164 1172 4213 neque
1179 4150 1291 4199 auritium
1300 4149 1374 4197 ulium
1382 4149 1550 4211 exspectabant
1561 4148 1632 4197 retius

856 4243 907 4291 suis
917 4242 983 4291 domi
994 4240 1095 4289 efflictis.
1128 4240 1201 4299 igitur
1212 4250 1285 4300 quum
1296 4238 1328 4287 ita
1338 4250 1364 4287 se
1376 4238 1501 4297 baberent,
1512 4237 1534 4286 id
1548 4237 1632 4297 agebat

857 4346 896 4381 rex
904 4368 911 4391 ,
919 4334 977 4381 utet
986 4330 1087 4379 ducibus
1097 4330 1202 4377 oratione
1210 4327 1374 4391 persuaderet,
1385 4331 1532 4388 teumretque
1539 4326 1631 4375 animos

856 4423 951 4470 itionum
968 4421 1071 4481 dejectos
1088 4420 1193 4479 erigere:
1206 4424 1278 4478 atqire
1289 4418 1415 4465 continetis
1427 4422 1452 4465 et
1465 4414 1632 4463 audacioribus

857 4513 923 4560 tactis
934 4511 1075 4573 quibusdem
1088 4510 1117 4559 de
1130 4508 1343 4571 praestantioribus,
1355 4507 1383 4555 ad
1403 4506 1537 4554 tininersam
1553 4504 1631 4553 mutti-

856 4602 963 4651 tudinem
973 4604 1020 4664 jain
1030 4602 1100 4649 rerba
1110 4600 1185 4648 tacere
1194 4602 1324 4657 aususest,
1334 4611 1408 4656 orrum
1418 4598 1486 4643 natea
1495 4599 1632 4655 gravaretur

856 4694 880 4741 id
893 4695 980 4751 tacere,
990 4706 1019 4741 ae
1027 4692 1072 4739 sibi
1081 4691 1177 4740 diiiicite
1186 4694 1248 4737 esset
1258 4702 1298 4737 eos
1307 4691 1422 4745 tractare,
1434 4689 1514 4747 utpote
1525 4684 1632 4733 adversis

58 4780 172 4852 χρήσηται
186 4786 227 4843 διὰ
243 4786 287 4852 τίς
305 4787 423 4864 divitiis·
484 4788 634 4866 Παρεχάλε,
647 4788 675 4845 δὲ
687 4788 814 4856 acroama<
856 4782 950 4829 casibus
962 4782 1066 4828 vexatos.
1085 4779 1277 4828 cohortationem
1290 4781 1370 4855 autem
1379 4775 1535 4837 suscipiebat,
1549 4772 1632 4834 bajus·

59 4868 189 4944 ποιούμενος
203 4878 237 4939 εἷς
250 4874 293 4931 τὸν
305 4854 384 4953 όχλόν
395 4874 452 4940 τοὺς
466 4876 564 4953 λόγους,
857 4872 921 4920 modi
931 4871 961 4920 ad
973 4871 1068 4931 t'trigum
1081 4870 1159 4919 babitu
1170 4869 1286 4917 oratione.

39 4960 51 4995 ⁰
91 4957 141 5032 [itt]
153 4960 185 5033 γ’,
198 4989 209 5012 ι
220 4965 276 5021 Οὐχ
289 4965 438 5040 ἀγνοοῦμεν,
451 4952 473 5020 ὦ
485 4963 586 5041 ἄνδρες,
598 4962 637 5020 ὅτι
654 4962 739 5021 πολλὰ
755 4963 814 5041 περὶ
887 4961 895 5019 (
903 4958 984 5019 Viti.)
998 4962 1021 5005 3.
1040 4976 1051 4998 ν
1064 4958 1116 5004 tion
1129 4954 1201 5003 nescii
1225 4966 1323 5013 sumus,
1342 4950 1400 5010 riri,
1416 4949 1480 5013 qtiod
1499 4951 1575 4999 muita
1588 4950 1634 4999 boo

62 5062 70 5084 ¹
83 5041 190 5103 τόνδετόν
198 5048 284 5129 καιρὸν
292 5048 428 5127 γεγένηται
437 5049 500 5129 πρὸς
508 5048 814 5129 τὰςπριίξειςῆμῖυέναν.
858 5069 869 5090 ι
883 5053 989 5109 tempore
1002 5046 1123 5095 evenerint
1134 5042 1258 5092 conatibus
1270 5042 1357 5091 nostris
1370 5040 1470 5089 adversa
1481 5056 1486 5089 :
1496 5044 1521 5090 et
1533 5040 1634 5088 tortasse

62 5127 205 5204 ετιώματα,
217 5135 261 5193 καί
271 5140 373 5216 θαρρεῖν
382 5138 483 5203 είκθςέν
492 5138 544 5203 τοῖς
553 5137 673 5202 τοιοότοις
685 5136 742 5194 οὐδὲ
756 5136 814 5203 τοὺς
858 5159 869 5181 ι
883 5138 923 5186 ria
940 5138 969 5185 iis
985 5138 1009 5185 in
1029 5134 1165 5196 irojusmodi
1182 5134 1253 5183 retius
1271 5133 1333 5182 bono
1350 5144 1403 5181 esse
1414 5131 1494 5180 animo
1511 5129 1580 5179 detur
1593 5128 1634 5189 quii

62 5214 187 5278 ιπλεῖστον
201 5224 357 5302 ἀνδραγαθία
371 5224 557 5302 διενηνοχότας·
570 5224 628 5281 ἀλλ’
640 5225 727 5294 ἐπειδὴ
738 5247 813 5281 κατε·
858 5249 869 5271 ι
883 5226 1020 5277 tortitudine
1036 5225 1164 5287 μΙυτίιιιυιιι
1176 5226 1297 5287 praestaret.
1328 5220 1373 5271 Sed
1390 5220 1503 5283 quoniam
1516 5218 1578 5267 betto
1595 5231 1631 5265 ur·

64 5302 158 5381 ετείγει
170 5308 198 5366 τὸ
217 5315 345 5397 πολεμεῖν,
367 5314 412 5371 καί
429 5316 480 5371 τῶν
501 5312 638 5394 γεγονότων
661 5312 732 5369 οὐδέν
755 5314 810 5369 ίστι
860 5340 872 5364 ι
888 5331 979 5381 geritur,
991 5323 1015 5367 et
1028 5316 1086 5365 uibii
1097 5328 1179 5366 eorum
1191 5328 1245 5377 quae
1253 5312 1381 5365 acciderint
1390 5310 1505 5375 ejusmodi
1515 5304 1637 5371 0⁸1,un
