3859 6084
294 513 349 565 sss
391 502 512 583 (rosso)

285 670 296 691 ι
311 640 358 711 τήν
369 639 432 720 πρὸς
442 644 511 715 ἡμᾶς
522 639 619 719 ριλίαν,
630 638 675 697 καὶ
692 640 791 716 ιἰγαθοῦ
807 661 874 705 τινος
886 638 969 697 αἴτιον
988 638 1056 716 γίνε-

284 757 297 779 ι
311 733 387 803 σθαι,
399 732 434 794 ώς
443 726 554 803 άμοιύάς
560 750 588 784 τε
597 726 643 793 τὰς
653 725 835 805 προσηκούσας
848 726 1056 806 ἀποληψόμενον,

283 845 296 866 ι
311 815 473 892 μεμνημένον
488 838 516 871 τε
536 818 572 880 ὡς
589 813 635 872 καί
656 816 749 879 ἐντοῖς
766 813 835 871 κατὰ
848 810 983 891 Ἀύραμον
998 838 1056 873 και-

282 932 295 956 «
313 913 381 982 ροῖς,
402 895 471 975 δςήν
486 902 589 960 πάντων
609 900 741 977 Ἱίόραίων
763 901 870 981 πατήρ,
891 904 915 959 σί
935 900 1056 980 πρόγονοι

262 1018 296 1051 »ι
310 995 386 1065 ἡμῶν
407 982 474 1061 ήσαν
493 990 577 1055 αὐτοῖς
596 988 680 1069 ρι’λυι,
704 986 788 1055 καθὼς
808 991 834 1047 ἐν
852 992 905 1055 τοῖς
923 988 1056 1065 δημοσίοις

283 1108 296 1130 ι
310 1079 462 1157 εὑρίσκομεν
473 1077 619 1155 γράμμασι.
632 1104 644 1128 ιι

320 1166 371 1244 κγ’.
385 1177 535 1225 ΨΗΦΙΣΜΑ
543 1174 796 1223 immensum
806 1190 818 1214 ι
828 1162 891 1223 Ἐπί
902 1162 989 1243 ἱερέως
1002 1162 1058 1223 Μέ-

283 1282 295 1307 e
312 1276 404 1328 μνονος
414 1258 460 1311 τοῦ
470 1251 648 1333 Ὀρεστείδου,
659 1250 727 1309 κατά
741 1251 768 1307 δὲ
782 1250 885 1322 ποίησιν
898 1251 1055 1327 Εὐωνύμου,

282 1370 294 1391 ι
307 1343 516 1418 Ἀνθεστηριῶνος
531 1385 556 1400 ..
572 1386 579 1399 .
593 1338 661 1405 ἔδοξε
678 1341 716 1415 τῷ
735 1338 828 1417 δήμῳ,
841 1338 1051 1416 εἰσηγησαμένου

243 1447 270 1487 ιο
282 1457 293 1482 ι
309 1427 419 1505 Μάρκου
428 1426 602 1507 Ἀλεξάνδρου.
624 1424 702 1485 Ἐπεὶ
713 1424 741 1483 τὸ
752 1425 816 1505 πρὸς
827 1425 857 1482 τὸ
868 1430 935 1483 θεῖον
947 1424 1051 1493 εύσεύές

281 1540 295 1569 ι
307 1514 352 1573 καί
358 1514 427 1574 ὅσιον
435 1517 461 1571 ἐν
468 1515 655 1593 άπαντικαιρῷ
664 1512 705 1570 διὰ
713 1515 827 1583 σπουδῆς
833 1511 936 1591 ἔχομεν,
944 1535 1056 1572 κατακο·

282 1632 294 1655 ιι
310 1595 587 1682 λουθούντεςτῷδήμῳ
593 1606 644 1660 τῶν
652 1601 793 1677 Ῥωμαίων
802 1600 906 1659 πάντων
913 1600 1055 1679 ἀνθρώπων

282 1718 295 1742 ιι
306 1690 361 1749 ύντι
372 1689 506 1769 εὐεργέτη,
521 1688 566 1747 καί
582 1679 619 1755 οἷς
630 1688 690 1769 περὶ
703 1692 749 1759 τῆς
763 1688 894 1749 Ἰουδαίων
907 1689 993 1770 ριλίας
1009 1689 1055 1748 καί

283 1806 296 1828 ι
310 1775 463 1855 συμμαχίας
472 1776 535 1855 πρὸς
547 1773 595 1845 τὴν
605 1774 679 1832 πόλιν
693 1775 813 1855 ἔγραψεν,
831 1774 900 1841 θτως
911 1776 1057 1833 συντελῶν-

245 1886 270 1925 ts
283 1892 296 1915 ι
309 1886 353 1923 ται
367 1866 453 1930 αὐτοῖς
470 1866 498 1920 αἱ
509 1865 545 1929 εἰς
558 1862 601 1920 τὸν
622 1861 689 1923 Θεὸν
708 1862 845 1940 ἱεροποιίαι
865 1862 912 1921 καὶ
929 1862 1017 1943 ἑορταί
1029 1864 1056 1919 αἰ

283 1980 294 2003 ι
310 1950 451 2027 εἰθισμέναι
464 1949 509 2009 καί
523 1949 638 2008 σύνοδοι·
655 1948 773 2007 δέδοκται
783 1951 845 2025 ὑμῖν
856 1949 988 2009 Ἰουδαίων
998 1948 1057 2014 τούς

283 2067 295 2091 ι
311 2036 480 2117 βουλομένους
493 2037 586 2116 ἄνδρας
596 2059 626 2095 τι
643 2036 688 2095 καὶ
706 2044 830 2112 γυναῖκας
842 2036 876 2093 τά
891 2059 919 2095 τι
933 2035 1056 2094 σάόόατα

282 2154 295 2177 ιι
308 2125 379 2203 ἄγειν
392 2126 437 2183 καὶ
454 2124 487 2183 τδι
509 2123 566 2203 ἱερά
587 2127 715 2183 συντελεῖν
736 2124 804 2181 κατδι
816 2125 875 2190 τοθς
893 2124 1053 2189 Ἰουδαϊκοθς

283 2240 294 2264 ι
307 2212 411 2291 νόμους,
423 2211 468 2269 καί
477 2210 522 2279 τδς
531 2209 676 2291 προσευχὰς
686 2218 814 2269 ποιεῖσθαι
823 2210 886 2289 πρὸς
896 2211 1055 2291 τῇθαλάσση

286 2328 297 2349 ι
312 2299 380 2358 κατά
398 2300 428 2357 τὸ
440 2297 548 2377 πάτριον
562 2297 631 2376 ἔθος,
646 2297 678 2355 ἂν
696 2299 724 2355 δέ
737 2322 775 2365 τις
788 2300 893 2377 κωλύσῃ
905 2298 923 2370 ἥ
937 2296 1056 2379 άρχωνῆ

283 2414 295 2437 ι
307 2385 421 2457 ἰδιώτης,
431 2386 498 2465 τῷδε
507 2389 545 2466 τῷ
554 2384 704 2463 ζημιώματι
713 2386 849 2452 ὑπεύθυνος
860 2384 930 2443 ἔστω
937 2385 981 2443 καὶ
990 2388 1057 2462 ὀρει-

283 2501 295 2523 ι
311 2472 377 2531 λέτω
390 2476 423 2550 τῇ
434 2472 516 2529 πόλει.
532 2497 545 2523 o

321 2560 372 2619 ot.
382 2570 532 2619 Ψιιαιεειε
543 2570 724 2619 mentones.
745 2586 758 2609 ι
770 2558 861 2627 Ἔδοξε
872 2563 905 2637 τῇ
917 2560 997 2638 βουλῇ
1011 2558 1056 2616 καὶ

283 2674 294 2699 o
309 2646 444 2727 τῷδήμῳ,
457 2650 609 2725 στρατηγῶν
623 2644 846 2721 εἰσηγησαμένων.
887 2644 965 2705 Ἐπεὶ
977 2648 1000 2702 οἱ
1010 2668 1056 2703 κα·

285 2762 296 2784 ιι
310 2741 451 2800 τοικοθντες
460 2737 536 2809 ηιιωι
548 2737 574 2791 ἐν
583 2737 616 2812 τῇ
626 2733 700 2791 πόλει
709 2735 831 2795 Ἰουδαῖοι
841 2734 958 2803 πολῖται,
970 2728 1055 2790 πολλὰ

284 2848 296 2871 ι
310 2822 354 2879 καί
366 2822 469 2899 μεγάλα
481 2819 651 2900 φιλάνθρωπα
672 2820 812 2900 ἐσχηκότες
832 2819 874 2877 διδ
890 2818 987 2885 παντὸς
1006 2817 1056 2875 ὑπὸ

283 2936 295 2959 ι
309 2914 353 2966 τοῦ
367 2909 466 2985 δήμου,
483 2911 527 2965 καὶ
539 2914 583 2965 νῦν
598 2908 752 2975 εἰσελθόντες
768 2907 811 2966 ἐπὶ
828 2907 876 2978 τήν
900 2903 998 2986 βουλήν
1010 2907 1055 2965 καί

283 3023 295 3047 ι
305 2996 348 3054 τὸν
357 2998 437 3070 δῆμον
447 2996 638 3074 παρεκάλεσαν,
648 2994 895 3072 ἀποκαθισταμένων
906 2996 992 3061 αὐτοῖς
1002 2996 1054 3053 τῶν

283 3111 296 3133 ι
310 3082 394 3158 νόμων
408 3083 454 3142 καί
466 3089 513 3153 τῆς
523 3082 666 3164 ἐλευθερίας
679 3083 784 3153 ὑπὸτῆς
795 3082 941 3160 συγκλήτου
952 3081 998 3139 καί
1011 3088 1055 3141 rob

244 3204 250 3215 ·
285 3197 297 3222 ιι
313 3172 397 3243 δήμου
415 3178 458 3229 ταῑ
475 3170 625 3245 Ῥωμαίων,
643 3169 685 3228 ἰνα
701 3172 770 3229 κατὰ
787 3170 819 3228 τδι
833 3171 988 3247 νομιζόμενα
1009 3168 1055 3241 ἔθη

284 3284 296 3308 ιι
314 3257 487 3335 συνάγωνται,
506 3258 551 3316 καὶ
572 3258 609 3335 μή
634 3258 841 3335 διαδικτζώμεθα
862 3257 925 3337 πρὸς
950 3254 1055 3329 αὐτούς,

284 3373 295 3396 ιι
309 3346 370 3424 δοθῇ
380 3368 409 3403 τε
430 3345 570 3411 αὐτοῖςκαὶ
584 3345 679 3421 τόπος,
694 3348 730 3412 είς
748 3346 776 3405 δν
793 3344 975 3422 συλλεγόμενοι
989 3342 1056 3419 μετά

284 3460 296 3482 ιι
309 3436 436 3509 γυναικῶν
451 3432 495 3491 καί
513 3444 608 3489 τέκνοιν
626 3434 765 3492 ἐπιτελοῖεν
776 3432 823 3499 rie
843 3431 966 3512 πατρίους
979 3430 1057 3511 εύχδις

284 3547 296 3571 ι
310 3520 356 3577 καί
371 3520 459 3587 θυσίας
477 3523 515 3600 τῷ
525 3521 599 3599 Θεῷ·
616 3518 734 3577 δέδοκται
753 3510 797 3576 οθν
815 3523 848 3597 τῆ
862 3522 943 3598 βουλῇ
962 3519 1008 3577 καί
1018 3523 1056 3599 τῷ

285 3634 296 3657 ι
312 3607 389 3688 δήμῳ
406 3612 621 3687 συγκεγωρῆσθαι
641 3608 727 3672 αὐτοῖς
741 3607 935 3685 συνερχομένοις
955 3610 983 3664 ἐν
1000 3616 1056 3673 ταῖς

283 3727 295 3751 ιι
310 3696 586 3777 προσποδεδειγμέναις
603 3692 712 3773 ἡμέραις
724 3694 850 3771 πράσσειν
867 3694 901 3751 τὰ
914 3694 982 3752 κατά
999 3695 1056 3759 τοὺς

283 3814 296 3839 ιι
311 3788 396 3843 αὐτῶν
405 3782 513 3859 νόμους,
526 3785 695 3862 άρορισθῆναι
716 3783 738 3839 δ’
753 3783 838 3846 αὐτοῖς
849 3781 895 3839 καί
912 3780 992 3839 τύπον
1005 3782 1055 3839 ὑπὸ

283 3902 296 3925 ι
309 3878 360 3934 τῶν
374 3875 525 3949 στρατηγῶν
539 3872 575 3936 εἰς
587 3869 737 3945 οἰκοδομίαν
748 3869 793 3927 καὶ
806 3868 907 3938 οἰκησιν
921 3872 1016 3940 αθτῶν,
1028 3868 1056 3927 δν

283 3990 296 4013 ιι
310 3959 342 4019 ἂν
355 3956 505 4019 mettioeo
512 3957 574 4037 πρὸς
584 3956 654 4015 τοῦτ’
664 3956 819 4031 ἐπιτήδειον,
830 3955 902 4021 ὅπως
913 3979 939 4013 τε
947 3964 1000 4022 τοὶς
1010 3962 1056 4027 τῆς

283 4076 295 4099 s
308 4047 406 4113 πόλεως
419 4046 588 4125 ἀγορανόμοις
601 4042 720 4120 ἐπιμελὲς
733 4035 750 4122 ἧ
767 4041 813 4100 καί
827 4042 860 4099 τὰ
875 4043 979 4109 ἐκείνοις
993 4044 1056 4122 πρὸς

283 4165 296 4188 ιι
307 4134 403 4215 τρορὴν
415 4133 547 4203 ἐπιτήδεια
560 4136 642 4191 ποιεῖν
656 4131 812 4207 εἰσάγεσθαι.
827 4158 839 4182 ιι

321 4224 369 4282 κε’.
382 4233 530 4280 ΨΙῙΦΙΣΜΑ
541 4231 685 4278 ebetius.
700 4247 712 4269 ι
722 4217 784 4277 Ἐπὶ
798 4217 949 4297 πρυτάνεως
962 4220 1056 4288 Μηνο-

282 4340 295 4361 ι
307 4310 395 4391 ρίλου,
409 4308 488 4384 μηνὸς
496 4306 655 4385 Ἀρτεμισίου
664 4310 696 4383 τῇ
706 4304 832 4386 προτέρα,
843 4304 911 4374 ἔδοξε
923 4309 959 4385 τῷ
970 4304 1055 4384 δήμῳ.

283 4426 295 4449 ι
310 4396 431 4475 Νικάνωρ
444 4391 569 4473 Ιέθρήμου
584 4384 663 4461 εἶπεν,
678 4390 889 4466 εἰσηγησαμένων
906 4395 958 4448 τῶν
972 4413 1053 4471 στρα-

284 4511 296 4534 ιι
308 4487 405 4558 πηγῶν.
446 4480 523 4540 Ἐπεὶ
533 4479 691 4557 ἐντυχόντων
700 4481 751 4535 τῶν
761 4479 788 4533 ἐν
798 4482 830 4554 τῇ
839 4479 913 4535 πολει
921 4478 1055 4537 Ἰουδαίων

283 4597 296 4621 ιι
312 4570 415 4648 Μάρκῳ
429 4568 530 4647 Ἰουλίῳ
554 4564 686 4646 Πομπηΐῳ
704 4568 753 4644 υἱῷ
771 4564 886 4643 Βρούτου
902 4566 1055 4644 ἀνθυπάτῳ,

283 4685 295 4707 ι
309 4656 379 4723 ὅπως
392 4657 475 4733 ἄγωσι
485 4655 519 4712 τά
529 4654 668 4723 σάύθαττ,
680 4653 725 4711 καί
736 4653 821 4711 πάντα
835 4658 930 4710 ποιῶσι
940 4652 1009 4711 κατίι
1022 4652 1055 4710 τδ

283 4771 295 4794 ιι
307 4744 406 4823 πάτρια
419 4745 504 4800 αὐτῶν
522 4742 583 4813 ἔθη,
596 4740 703 4816 μηδενὸς
717 4742 803 4806 ιιθτοῖς
815 4737 935 4815 ἐμποδῶν
952 4737 1055 4815 γινομέ-

284 4856 297 4881 ιι
309 4852 368 4899 νου,
379 4834 393 4888 θ
403 4827 544 4907 στρατηγὸς
556 4826 733 4905 συνεχώρησε·
745 4827 862 4885 δέδοκται
874 4831 906 4904 τῇ
920 4828 999 4905 βουλῇ
1011 4824 1056 4882 καί

284 4943 296 4966 ι
310 4920 348 4995 τῷ
362 4915 451 4993 δήμῳ,
468 4922 512 4973 τοῦ
526 4914 678 4993 πράγματος
690 4913 830 4988 Ῥωμαίοις
844 4915 994 4984 ἀνήκοντος,
1006 4940 1056 4991 μη-

285 5028 296 5051 ι
311 5002 371 5059 δένα
384 5000 528 5060 κωλύεσθαι
541 5011 701 5080 παρατηρεῖν
713 5000 823 5071 τὴντῶν
837 5001 977 5059 σαθύάτων
991 5003 1056 5079 ήμί-

284 5114 297 5139 ι
313 5108 372 5166 ραν,
383 5085 448 5161 μηδὲ
461 5087 623 5165 πράσσεσθαι
633 5086 771 5160 ἐπιτίμιον,
784 5088 966 5167 ἐπιτετράρθαι
976 5087 998 5145 δ’
1010 5090 1057 5146 αθ-

285 5182 362 5237 «τοῖς
378 5174 463 5230 πάντα
477 5176 559 5231 ποιεῖν
576 5172 644 5230 meir
663 5173 720 5237 τούς
734 5176 811 5238 ἰδίους
826 5177 911 5231 αὐτῶν
924 5174 1026 5250 νόμους.
1044 5202 1056 5228 o

325 5262 376 5327 κς’.
395 5260 484 5319 Πολλά
508 5258 554 5335 μὲν
572 5252 617 5318 ούν
637 5264 690 5318 ἐστι
710 5261 755 5317 καί
776 5260 843 5318 ἄλλα
864 5286 896 5339 τη
918 5262 1056 5342 συγκλήτῳ)

768 502 1050 562 ΑΡΧΑΙΟΛΟΓΙΑΣ
1072 494 1169 561 bitin.
1190 506 1223 563 Δ.
1245 504 1337 563 seb.
1359 504 1380 563 i.

1726 510 1859 576 lisa—:sal

1104 668 1117 689 ι
1130 648 1298 709 αωίοίιίιιιιι,ει
1306 650 1336 699 sd
1344 662 1432 698 novrum
1441 649 1535 711 siquod
1547 648 1687 699 benelioius
1694 649 1858 707 mulerenlun,

1102 756 1114 779 ιι
1127 740 1154 785 ut
1172 736 1326 799 quidebitom
1342 736 1440 799 glatiem
1459 738 1613 799 meritamque
1631 738 1859 798 mnsequsturisint,

1103 843 1117 868 ι
1129 825 1328 887 meminerintque
1339 824 1538 888 quemadmodum
1556 824 1627 874 etism
1648 824 1746 874 sbroroi
1764 826 1858 885 tempori·

1103 930 1117 954 ιι
1129 911 1188 972 bus,
1197 912 1238 974 qui
1249 916 1315 975 peter
1327 916 1377 961 ersi
1389 912 1494 961 omnium
1506 912 1674 971 Hebraeorum,
1688 912 1790 971 maiores
1800 912 1860 959 nostri

1102 1016 1115 1042 ιι
1128 998 1215 1049 luerint
1224 1000 1270 1049 illis
1282 1000 1363 1059 εοιίοί,
1376 1004 1445 1063 prout
1460 1000 1484 1049 in
1495 1004 1548 1049 sets
1563 999 1657 1059 publiea
1672 999 1775 1048 relatiuis
1784 1000 1859 1046 ioreo's

1102 1106 1115 1129 ιι
1128 1099 1189 1135 mus.
1197 1106 1217 1129 ια

1131 1180 1170 1223 ²³.
1187 1186 1312 1223 υεειιετιιιι
1321 1186 1580 1223 ιιιιεσιιιιυιιιειιειιιι.
1594 1193 1606 1217 ιι
1616 1173 1746 1223 &medule
1755 1177 1862 1223 simron

1102 1284 1114 1308 ι
1127 1266 1306 1329 orestidaefillo
1319 1270 1343 1317 et
1353 1282 1393 1329 per
1404 1268 1552 1331 adoptionem
1568 1268 1699 1330 Euonymi,
1718 1270 1860 1317 Anilesleio

1102 1380 1114 1403 ι
1126 1360 1164 1409 uis
1175 1360 1214 1409 die
1227 1396 1232 1407 .
1248 1394 1255 1409 .
1271 1396 1278 1409 .
1291 1361 1380 1423 pinculi
1390 1362 1495 1423 populo,
1512 1361 1624 1411 relatione
1639 1363 1699 1410 iuria
1709 1374 1724 1410 a
1736 1366 1812 1412 nuso
1820 1362 1860 1410 lle

1102 1454 1226 1505 «sondro
1264 1456 1383 1513 Quoniam
1401 1457 1514 1519 pietatem
1535 1470 1588 1518 erge
1605 1460 1684 1507 Deum
1700 1460 1725 1507 et
1742 1458 1860 1518 religionem

1102 1570 1116 1594 ι
1125 1550 1190 1599 omni
1201 1556 1304 1613 tempore
1313 1552 1419 1601 studiose
1426 1551 1542 1611 colimus,
1551 1552 1656 1614 vestigiis
1668 1556 1795 1615 sequentes
1803 1568 1860 1615 popo·

1101 1662 1114 1688 ιι
1127 1643 1178 1693 lum
1185 1647 1318 1696 Romanum
1329 1645 1359 1697 de
1367 1646 1500 1697 bominibus
1508 1647 1619 1697 omnibus
1626 1647 1687 1697 bene
1698 1652 1861 1707 memmenni

1102 1757 1115 1781 ιι
1127 1740 1317 1802 respicientesoo
1327 1755 1355 1791 ee
1364 1755 1418 1803 quse
1429 1742 1459 1791 de
1469 1742 1609 1793 irsdoeorum
1618 1742 1724 1791 amicitis
1736 1746 1761 1791 et
1768 1744 1863 1791 sonelste

1102 1850 1114 1873 ιι
1127 1829 1158 1878 sd
1175 1830 1258 1881 urbem
1272 1834 1430 1895 seripserunt,
1441 1840 1469 1885 ut
1480 1836 1526 1885 llis
1542 1836 1611 1885 lioest
1622 1836 1664 1885 Dei
1682 1837 1760 1885 saeris
1771 1836 1862 1898 operari,

1102 1938 1115 1963 ιι
1129 1920 1189 1971 testa
1198 1922 1302 1973 solennia
1310 1929 1335 1975 et
1342 1927 1418 1975 coetus
1426 1927 1557 1987 celebrere,
1569 1927 1637 1976 nobis
1647 1928 1740 1989 placuit
1750 1934 1776 1976 ut
1784 1928 1819 1989 jus
1829 1942 1862 1988 po

1101 2035 1114 2061 ε
1127 2020 1283 2078 testatemque
1299 2018 1402 2067 lnbeenl
1415 2018 1554 2069 iudeorum
1568 2019 1705 2083 quicunque
1718 2021 1812 2079 solunt,
1823 2022 1864 2068 sire
1894 2048 1895 2051 =

1102 2126 1114 2149 ι
1129 2106 1173 2155 viri
1190 2108 1241 2156 eise
1251 2108 1378 2169 mulieres,
1389 2111 1442 2157 tum
1458 2109 1557 2159 sabbeta
1571 2110 1730 2168 observandi.
1749 2116 1798 2161 turo
1810 2124 1863 2159 sacia

1102 2216 1116 2240 ι
1128 2197 1253 2260 pangendi
1265 2212 1294 2247 ex
1305 2198 1396 2260 iegibus
1404 2198 1522 2259 ludricis,
1535 2206 1559 2249 et
1569 2213 1649 2263 preses
1657 2200 1761 2251 boboni
1775 2202 1802 2250 eol
1812 2214 1863 2249 nore

1102 2304 1114 2327 ιι
1126 2298 1168 2347 pro
1183 2300 1248 2335 more
1260 2288 1348 2350 panim
1358 2288 1423 2351 quod
1434 2290 1455 2337 si
1466 2290 1520 2351 quis
1530 2290 1661 2354 quidquam
1670 2304 1714 2340 eos
1725 2292 1862 2355 impedierit,

1102 2397 1114 2421 ι
1128 2379 1166 2428 sel
1180 2378 1329 2440 magistratus
1348 2381 1386 2431 sel
1404 2381 1523 2445 privatus,
1541 2384 1592 2433 bmo
1605 2383 1695 2433 mrsu
1714 2390 1770 2435 esto
1784 2390 1805 2433 et
1821 2384 1863 2433 urii

1102 2491 1115 2513 ιι
1125 2472 1217 2521 delicio.
1232 2492 1244 2514 ν

1131 2567 1168 2614 ut.
1185 2578 1311 2615 αεαιιετσιι
1322 2578 1500 2617 senuerimus.
1515 2588 1527 2611 ι
1539 2568 1622 2619 visun
1637 2571 1673 2619 eat
1689 2570 1783 2620 sesami
1793 2575 1816 2620 et
1826 2584 1859 2632 ςιι·

1102 2678 1113 2701 ι
1128 2660 1198 2721 pulo,
1209 2662 1321 2710 relatione
1337 2662 1399 2711 laets
1412 2676 1426 2711 s
1437 2664 1588 2725 praetoribus.
1624 2668 1744 2723 Quoniam
1757 2666 1818 2715 eires
1827 2670 1863 2713 ln·

1101 2779 1113 2803 ιι
1125 2760 1171 2809 dmi
1191 2761 1274 2810 urbem
1291 2763 1351 2812 itane
1365 2768 1470 2813 nostram
1488 2765 1617 2815 incolentes
1644 2766 1726 2814 nostris
1741 2768 1865 2827 magnisque

1102 2879 1115 2901 ι
1126 2874 1140 2908 ε
1152 2862 1239 2923 populo
1251 2877 1292 2924 per
1307 2877 1379 2913 omne
1392 2870 1485 2927 tempus
1496 2867 1609 2916 momulsti
1628 2868 1725 2917 inesunt
1744 2870 1863 2925 beueimis,

1101 2978 1114 3001 ι
1126 2964 1150 3009 et
1161 2974 1226 3009 ιιιιιιο
1242 2962 1341 3023 ingressi
1358 2963 1512 3013 adsenseum
1529 2970 1554 3017 et
1574 2968 1688 3029 populum
1707 2968 1864 3025 obsecrarunt,

1101 3078 1114 3103 ιι
1127 3059 1242 3109 restitutis
1252 3062 1309 3123 ipsis
1321 3063 1411 3123 iegibus
1425 3070 1449 3113 et
1459 3064 1590 3115 libertates
1602 3072 1685 3119 sensis
1698 3074 1723 3117 et
1735 3070 1862 3131 populoso

1102 3174 1114 3198 ιι
1128 3168 1214 3217 mono,
1227 3162 1252 3205 ul
1263 3171 1328 3207 more
1344 3160 1438 3221 rituque
1451 3174 1465 3209 ε
1477 3162 1566 3223 iegibus
1581 3164 1722 3228 proscripto
1737 3170 1813 3215 culus
1824 3166 1863 3225 agi·

1102 3272 1114 3297 ιι
1125 3256 1189 3315 tent,
1197 3258 1221 3303 et
1228 3256 1315 3305 nullam
1323 3256 1380 3318 ipsis
1390 3260 1576 3309 conlmversism
1584 3272 1736 3321 moveenrus,
1745 3264 1808 3311 locus
1816 3276 1863 3323 quo

1101 3364 1171 3423 «que
1182 3352 1240 3413 ipsis
1254 3353 1399 3414 assignetur,
1412 3354 1436 3403 io
1445 3370 1493 3418 quo
1501 3356 1646 3418 congregatis
1655 3368 1711 3407 cum
1724 3360 1833 3409 risoribus
1844 3366 1864 3407 ει

1101 3468 1113 3491 ι
1126 3447 1206 3497 liberis
1222 3448 1290 3499 liceat
1306 3451 1393 3512 patries
1409 3458 1527 3514 preesset
1542 3453 1672 3516 sscrslbeo
1687 3422 1778 3515 [αδετις
1789 3456 1863 3517 piscus

1101 3564 1113 3587 ιι
1126 3544 1195 3606 igitur
1205 3546 1296 3594 senatui
1305 3551 1329 3594 et
1339 3547 1440 3609 populo,
1452 3551 1478 3597 ut
1487 3548 1532 3598 illis
1539 3562 1677 3599 anticessum
1688 3552 1863 3615 sitdiebospne·

1101 3664 1112 3686 ι
1123 3644 1212 3692 stitutis
1222 3645 1362 3705 eonvenite,
1375 3650 1400 3695 et
1413 3646 1519 3711 perfungi
1535 3649 1726 3711 onsuibusprout
1741 3653 1801 3711 leges
1810 3653 1863 3713 ipo·

1101 3760 1113 3781 ιι
1127 3754 1178 3788 rum
1190 3742 1323 3803 postulent,
1333 3743 1429 3806 insuper
1439 3748 1466 3793 ut
1475 3745 1542 3794 loeus
1550 3747 1622 3797 etiarn
1631 3749 1659 3796 iis
1668 3750 1786 3801 euimnlur
1795 3766 1807 3800 a
1816 3765 1863 3813 pre*

1101 3856 1112 3877 ι
1124 3836 1213 3884 toribus
1223 3836 1253 3885 nd
1269 3838 1435 3887 edificandum
1452 3846 1476 3889 et
1490 3841 1658 3893 instintione·
1671 3846 1790 3909 ipsorum,
1802 3860 1864 3908 quera

1101 3934 1152 3983 aod
1176 3934 1199 3983 iu
1224 3937 1427 3987 scemurnodatum
1448 3939 1651 4002 existimaverint,
1670 3946 1745 4005 utque
1764 3943 1863 3993 suillibus

1100 4052 1113 4076 ιι
1127 4034 1222 4083 urbnnis
1228 4048 1291 4085 ειιιιυ
1300 4036 1426 4095 sil,eliam
1434 4038 1473 4087 ills
1483 4038 1611 4101 importare
1618 4042 1713 4103 qumod
1721 4044 1806 4093 simum
1813 4045 1863 4105 ipsis

1100 4149 1113 4172 ιι
1125 4128 1207 4179 idonea
1222 4130 1358 4181 iubeantur.
1370 4150 1385 4174 ι

1130 4236 1168 4279 25.
1184 4232 1317 4279 bernean!
1335 4244 1492 4283 εειιεειοιιυι
1520 4254 1533 4278 ι
1547 4239 1650 4298 Prplene
1666 4242 1813 4303 blesoplsilo,
1829 4240 1863 4287 ‹lie

1101 4344 1112 4366 ιι
1125 4325 1203 4387 prirno
1217 4326 1311 4375 mensis
1322 4328 1456 4390 Artemisii,
1469 4329 1581 4390 placitum
1598 4337 1634 4381 eal
1646 4336 1742 4397 popolo.
1772 4336 1862 4385 liimrnr

1100 4436 1112 4461 o
1126 4418 1242 4480 Eupbemi
1255 4420 1317 4469 tilius
1333 4420 1406 4481 elisit,
1419 4424 1552 4474 relationes
1565 4430 1709 4487 praetoribus
1723 4430 1787 4479 iacta.
1804 4434 1860 4489 Quo·

1100 4532 1112 4557 o
1127 4514 1340 4577 niamludseisqui
1350 4516 1604 4581 immersissem
1612 4524 1676 4572 iulio
1685 4526 1793 4587 Pompeio
1805 4527 1862 4573 Bnttt

1100 4630 1111 4651 ιι
1124 4610 1172 4659 lilio
1181 4612 1320 4673 prosnnsule
1328 4615 1483 4677 compellato,
1496 4616 1611 4667 uliiceret
1620 4620 1678 4680 ipsis
1685 4620 1779 4670 sabbate
1789 4622 1856 4671 olno-

1101 4722 1113 4745 ιι
1126 4704 1311 4762 vare,elomnie
1319 4704 1430 4756 lecerees
1439 4709 1521 4769 putriis
1529 4709 1644 4759 institutis
1654 4714 1719 4773 suis,
1730 4714 1817 4763 nemine
1826 4728 1862 4761 eos

1101 4818 1113 4842 ι
1125 4800 1254 4863 quidquem
1270 4802 1427 4865 impediente,
1442 4805 1487 4853 lroe
1495 4806 1573 4867 ipsuis
1585 4811 1673 4869 praetor
1683 4812 1808 4868 noncessin
1821 4810 1860 4871 pto

1100 4920 1112 4942 ιι
1124 4900 1174 4949 onii
1183 4902 1275 4949 senatui
1285 4906 1310 4951 et
1319 4901 1419 4963 imputo,
1434 4904 1567 4965 presertim
1575 4918 1653 4967 qrsnm
1662 4920 1703 4957 res
1716 4908 1859 4956 odllomsum

1101 5012 1112 5035 ι
1124 4992 1369 5055 pertineat,neusinem
1377 4995 1559 5056 pmlsiberisdie
1565 4996 1716 5047 sabbatorum
1724 5000 1871 5055 celebrando..

1101 5104 1113 5129 o
1126 5099 1203 5147 neque
1215 5085 1326 5135 nutricium
1336 5087 1475 5149 exigendum
1488 5102 1555 5150 esse,
1567 5090 1608 5139 sed
1620 5091 1668 5139 illis
1679 5096 1814 5153 potestatem
1822 5092 1858 5137 ιΙι-

1101 5200 1112 5223 ιι
1126 5182 1177 5229 ium
1187 5178 1215 5227 iri
1224 5180 1303 5227 omnis
1312 5194 1341 5229 ex
1351 5180 1453 5242 propriis
1464 5182 1569 5243 ipsorum
1581 5183 1672 5245 legibus
1684 5184 1789 5233 [ιοίειιθί.
1804 5206 1814 5225 ι

1131 5278 1170 5321 tlt.
1188 5274 1217 5320 Et
1226 5271 1300 5319 merite
1312 5272 1408 5334 quidem
1415 5278 1509 5324 essunt
1518 5278 1541 5325 ei
1552 5276 1598 5323 alie
1609 5276 1742 5337 instiusmodi
1749 5276 1857 5325 oleorelsa
