<?xml version="1.0" encoding="UTF-8"?>
<!DOCTYPE html PUBLIC "-//W3C//DTD XHTML 1.0 Transitional//EN"
    "http://www.w3.org/TR/xhtml1/DTD/xhtml1-transitional.dtd">
<html xmlns="http://www.w3.org/1999/xhtml" xml:lang="en" lang="en">
 <head>
  <title>
</title>
<meta http-equiv="Content-Type" content="text/html;charset=utf-8" />
  <meta name='ocr-system' content='tesseract 3.04.00' />
  <meta name='ocr-capabilities' content='ocr_page ocr_carea ocr_par ocr_line ocrx_word'/>
</head>
<body>
  <div class='ocr_page' id='page_1' title='image "./operagraeceetla01dindgoog_0060.png"; bbox 0 0 3859 6084; ppageno 0'>
   <div class='ocr_carea' id='block_1_1' title="bbox 259 466 438 544">
    <p class='ocr_par' dir='ltr' id='par_1_1' title="bbox 259 466 438 544">
     <span class='ocr_line' id='line_1_1' title="bbox 259 466 438 544; baseline -0.022 -18"><span class='ocrx_word' id='word_1_1' title='bbox 259 477 296 526; x_wconf 75' lang='grc'>48</span> <span class='ocrx_word' id='word_1_2' title='bbox 358 466 438 544; x_wconf 68' lang='lat' dir='ltr'>(urps.</span> 
     </span>
    </p>
   </div>
   <div class='ocr_carea' id='block_1_2' title="bbox 258 583 1031 932">
    <p class='ocr_par' dir='ltr' id='par_1_2' title="bbox 258 583 1031 932">
     <span class='ocr_line' id='line_1_2' title="bbox 259 583 1029 672; baseline -0.004 -20"><span class='ocrx_word' id='word_1_3' title='bbox 259 597 332 653; x_wconf 90' lang='grc' dir='ltr'>λεται</span> <span class='ocrx_word' id='word_1_4' title='bbox 345 593 378 651; x_wconf 77' lang='grc' dir='ltr'>τὰ</span> <span class='ocrx_word' id='word_1_5' title='bbox 393 595 436 652; x_wconf 75' lang='grc' dir='ltr'>διὰ</span> <span class='ocrx_word' id='word_1_6' title='bbox 450 597 496 664; x_wconf 86' lang='grc' dir='ltr'>τ’ής</span> <span class='ocrx_word' id='word_1_7' title='bbox 516 589 693 670; x_wconf 79' lang='grc' dir='ltr'>παρελθούσης</span> <span class='ocrx_word' id='word_1_8' title='bbox 712 590 800 656; x_wconf 85' lang='grc' dir='ltr'>νυκτδς</span> <span class='ocrx_word' id='word_1_9' title='bbox 818 589 935 672; x_wconf 82' lang='grc' dir='ltr'>ὀφθέντα.</span> <span class='ocrx_word' id='word_1_10' title='bbox 976 583 1029 652; x_wconf 74' lang='grc' dir='ltr'>’Ἦν</span> 
     </span>
     <span class='ocr_line' id='line_1_3' title="bbox 258 676 1031 760; baseline 0 -22"><span class='ocrx_word' id='word_1_11' title='bbox 258 681 286 738; x_wconf 78' lang='grc' dir='ltr'>δὲ</span> <span class='ocrx_word' id='word_1_12' title='bbox 300 686 416 739; x_wconf 79' lang='grc' dir='ltr'>τοιαῦτα.</span> <span class='ocrx_word' id='word_1_13' title='bbox 435 747 438 752; x_wconf 32' lang='grc' dir='ltr'>Ι</span> <span class='ocrx_word' id='word_1_14' title='bbox 457 676 540 760; x_wconf 89' lang='grc' dir='ltr'>Τρία,</span> <span class='ocrx_word' id='word_1_15' title='bbox 551 676 627 758; x_wconf 78' lang='grc' dir='ltr'>φησὶ,</span> <span class='ocrx_word' id='word_1_16' title='bbox 637 687 703 735; x_wconf 79' lang='grc' dir='ltr'>κανᾶ</span> <span class='ocrx_word' id='word_1_17' title='bbox 716 677 800 756; x_wconf 87' lang='grc' dir='ltr'>φέρειν</span> <span class='ocrx_word' id='word_1_18' title='bbox 813 677 907 750; x_wconf 77' lang='grc' dir='ltr'>ἐπίτῆς</span> <span class='ocrx_word' id='word_1_19' title='bbox 917 682 1031 760; x_wconf 76' lang='grc' dir='ltr'>κεφαλῆς</span> 
     </span>
     <span class='ocr_line' id='line_1_4' title="bbox 258 763 1030 844; baseline -0.001 -19"><span class='ocrx_word' id='word_1_20' title='bbox 258 767 346 844; x_wconf 80' lang='grc' dir='ltr'>ἔδοξα,</span> <span class='ocrx_word' id='word_1_21' title='bbox 360 765 404 824; x_wconf 87' lang='grc' dir='ltr'>δύο</span> <span class='ocrx_word' id='word_1_22' title='bbox 416 763 462 844; x_wconf 67' lang='grc' dir='ltr'>μὲν</span> <span class='ocrx_word' id='word_1_23' title='bbox 477 763 561 844; x_wconf 87' lang='grc' dir='ltr'>άρτυιν</span> <span class='ocrx_word' id='word_1_24' title='bbox 574 764 655 840; x_wconf 88' lang='grc' dir='ltr'>πλέα,</span> <span class='ocrx_word' id='word_1_25' title='bbox 671 763 700 822; x_wconf 87' lang='grc' dir='ltr'>τδ</span> <span class='ocrx_word' id='word_1_26' title='bbox 719 763 745 823; x_wconf 82' lang='grc' dir='ltr'>δέ</span> <span class='ocrx_word' id='word_1_27' title='bbox 760 764 922 844; x_wconf 68' lang='grc' dir='ltr'>τρίτον-ὄνθου</span> <span class='ocrx_word' id='word_1_28' title='bbox 940 789 969 824; x_wconf 88' lang='grc' dir='ltr'>τε</span> <span class='ocrx_word' id='word_1_29' title='bbox 985 767 1030 824; x_wconf 84' lang='grc' dir='ltr'>καὶ</span> 
     </span>
     <span class='ocr_line' id='line_1_5' title="bbox 258 841 1030 932; baseline -0.004 -21"><span class='ocrx_word' id='word_1_30' title='bbox 258 853 382 912; x_wconf 88' lang='grc' dir='ltr'>ποικίλων</span> <span class='ocrx_word' id='word_1_31' title='bbox 399 851 557 932; x_wconf 77' lang='grc' dir='ltr'>βρωμάτων,</span> <span class='ocrx_word' id='word_1_32' title='bbox 570 841 611 908; x_wconf 80' lang='grc' dir='ltr'>οἶα</span> <span class='ocrx_word' id='word_1_33' title='bbox 627 853 761 928; x_wconf 80' lang='grc' dir='ltr'>βασιλεῦσι</span> <span class='ocrx_word' id='word_1_34' title='bbox 775 852 933 918; x_wconf 81' lang='grc' dir='ltr'>σκευάζεται·</span> <span class='ocrx_word' id='word_1_35' title='bbox 949 875 1030 910; x_wconf 86' lang='grc' dir='ltr'>κατα-</span> 
     </span>
    </p>
   </div>
   <div class='ocr_carea' id='block_1_3' title="bbox 741 456 1364 520">
    <p class='ocr_par' dir='ltr' id='par_1_3' title="bbox 741 456 1364 520">
     <span class='ocr_line' id='line_1_6' title="bbox 741 456 1364 520; baseline -0.005 -2"><span class='ocrx_word' id='word_1_36' title='bbox 741 461 1019 520; x_wconf 79' lang='grc' dir='ltr'><strong>ΑΡΧΑΙΟΛΟΓΙΑΣ</strong></span> <span class='ocrx_word' id='word_1_37' title='bbox 1040 459 1137 520; x_wconf 77' lang='lat' dir='ltr'>stus.</span> <span class='ocrx_word' id='word_1_38' title='bbox 1160 462 1192 520; x_wconf 90' lang='lat' dir='ltr'>B.</span> <span class='ocrx_word' id='word_1_39' title='bbox 1216 460 1305 520; x_wconf 77' lang='lat' dir='ltr'>tiss».</span> <span class='ocrx_word' id='word_1_40' title='bbox 1332 456 1364 516; x_wconf 81' lang='grc' dir='ltr'>Ε.</span> 
     </span>
    </p>
   </div>
   <div class='ocr_carea' id='block_1_4' title="bbox 1755 459 1852 536">
    <p class='ocr_par' dir='ltr' id='par_1_4' title="bbox 1755 459 1852 536">
     <span class='ocr_line' id='line_1_7' title="bbox 1755 459 1852 536; baseline 0.01 -19"><span class='ocrx_word' id='word_1_41' title='bbox 1755 459 1852 536; x_wconf 66' lang='grc' dir='ltr'>[τοττι</span> 
     </span>
    </p>
   </div>
   <div class='ocr_carea' id='block_1_5' title="bbox 1076 596 1854 773">
    <p class='ocr_par' dir='ltr' id='par_1_5' title="bbox 1076 596 1854 773">
     <span class='ocr_line' id='line_1_8' title="bbox 1078 596 1854 661; baseline -0.006 -12"><span class='ocrx_word' id='word_1_42' title='bbox 1078 599 1225 661; x_wconf 83' lang='lat' dir='ltr'>hujusmodi.</span> <span class='ocrx_word' id='word_1_43' title='bbox 1256 599 1325 657; x_wconf 82' lang='lat' dir='ltr'>Tria,</span> <span class='ocrx_word' id='word_1_44' title='bbox 1342 597 1435 659; x_wconf 83' lang='lat' dir='ltr'>inquii,</span> <span class='ocrx_word' id='word_1_45' title='bbox 1450 596 1552 646; x_wconf 78' lang='lat' dir='ltr'>canistra</span> <span class='ocrx_word' id='word_1_46' title='bbox 1563 608 1634 660; x_wconf 87' lang='lat' dir='ltr'>snper</span> <span class='ocrx_word' id='word_1_47' title='bbox 1648 597 1728 660; x_wconf 81' lang='lat' dir='ltr'>capite</span> <span class='ocrx_word' id='word_1_48' title='bbox 1744 597 1805 646; x_wconf 87' lang='lat' dir='ltr'>terre</span> <span class='ocrx_word' id='word_1_49' title='bbox 1820 599 1854 645; x_wconf 85' lang='lat' dir='ltr'>ri-</span> 
     </span>
     <span class='ocr_line' id='line_1_9' title="bbox 1076 709 1854 773; baseline -0.006 -11"><span class='ocrx_word' id='word_1_50' title='bbox 1076 713 1158 773; x_wconf 86' lang='lat' dir='ltr'>debar,</span> <span class='ocrx_word' id='word_1_51' title='bbox 1166 711 1214 761; x_wconf 93' lang='lat' dir='ltr'>duo</span> <span class='ocrx_word' id='word_1_52' title='bbox 1225 710 1322 773; x_wconf 85' lang='lat' dir='ltr'>quidem</span> <span class='ocrx_word' id='word_1_53' title='bbox 1334 709 1434 772; x_wconf 77' lang='lat' dir='ltr'>penitius</span> <span class='ocrx_word' id='word_1_54' title='bbox 1443 709 1524 772; x_wconf 84' lang='lat' dir='ltr'>piens,</span> <span class='ocrx_word' id='word_1_55' title='bbox 1535 710 1630 759; x_wconf 87' lang='lat' dir='ltr'>tertium</span> <span class='ocrx_word' id='word_1_56' title='bbox 1637 709 1738 760; x_wconf 90' lang='lat' dir='ltr'>obsonio</span> <span class='ocrx_word' id='word_1_57' title='bbox 1748 713 1774 759; x_wconf 88' lang='lat' dir='ltr'>et</span> <span class='ocrx_word' id='word_1_58' title='bbox 1782 710 1854 758; x_wconf 84' lang='lat' dir='ltr'>variis</span> 
     </span>
    </p>
   </div>
   <div class='ocr_carea' id='block_1_6' title="bbox 1075 819 1856 885">
    <p class='ocr_par' dir='ltr' id='par_1_6' title="bbox 1075 819 1856 885">
     <span class='ocr_line' id='line_1_10' title="bbox 1075 819 1856 885; baseline -0.004 -13"><span class='ocrx_word' id='word_1_59' title='bbox 1075 823 1161 872; x_wconf 85' lang='lat' dir='ltr'>edrriiis</span> <span class='ocrx_word' id='word_1_60' title='bbox 1169 822 1282 873; x_wconf 79' lang='lat' dir='ltr'>reiectum</span> <span class='ocrx_word' id='word_1_61' title='bbox 1288 858 1296 883; x_wconf 87' lang='lat'>‚</span> <span class='ocrx_word' id='word_1_62' title='bbox 1303 821 1383 885; x_wconf 78' lang='lat' dir='ltr'>quatis</span> <span class='ocrx_word' id='word_1_63' title='bbox 1392 820 1486 883; x_wconf 72' lang='lat' dir='ltr'>regilius</span> <span class='ocrx_word' id='word_1_64' title='bbox 1495 820 1602 883; x_wconf 82' lang='lat' dir='ltr'>apparari</span> <span class='ocrx_word' id='word_1_65' title='bbox 1609 820 1686 870; x_wconf 86' lang='lat' dir='ltr'>soient</span> <span class='ocrx_word' id='word_1_66' title='bbox 1696 834 1703 868; x_wconf 79' lang='lat' dir='ltr'><strong><em>z</em></strong></span> <span class='ocrx_word' id='word_1_67' title='bbox 1713 819 1856 870; x_wconf 84' lang='lat' dir='ltr'>devotantes</span> 
     </span>
    </p>
   </div>
   <div class='ocr_carea' id='block_1_7' title="bbox 232 933 1853 1017">
    <p class='ocr_par' dir='ltr' id='par_1_7' title="bbox 232 933 1853 1017">
     <span class='ocr_line' id='line_1_11' title="bbox 232 933 1853 1017; baseline -0.006 -15"><span class='ocrx_word' id='word_1_68' title='bbox 232 939 402 1017; x_wconf 77' lang='grc' dir='ltr'>επταμένους</span> <span class='ocrx_word' id='word_1_69' title='bbox 434 941 457 996; x_wconf 85' lang='grc' dir='ltr'>δ’</span> <span class='ocrx_word' id='word_1_70' title='bbox 481 936 584 1003; x_wconf 81' lang='grc' dir='ltr'>οἰωνούς</span> <span class='ocrx_word' id='word_1_71' title='bbox 609 938 711 996; x_wconf 73' lang='grc' dir='ltr'>ἅπαντα</span> <span class='ocrx_word' id='word_1_72' title='bbox 741 939 906 1010; x_wconf 75' lang='grc' dir='ltr'>δαπανῆσαι,</span> <span class='ocrx_word' id='word_1_73' title='bbox 931 939 1031 1015; x_wconf 80' lang='grc' dir='ltr'>μηδένα</span> <span class='ocrx_word' id='word_1_74' title='bbox 1075 939 1156 986; x_wconf 85' lang='lat' dir='ltr'>autem</span> <span class='ocrx_word' id='word_1_75' title='bbox 1170 935 1410 998; x_wconf 62' lang='lat' dir='ltr'>⁸15¹t³¹⁸⁸b⁸¹¹¹¹¹itsisse</span> <span class='ocrx_word' id='word_1_76' title='bbox 1423 933 1619 996; x_wconf 63' lang='lat' dir='ltr'>⁰⁰¹⁰¹³r⁸bii¹⁵⁰</span> <span class='ocrx_word' id='word_1_77' title='bbox 1632 934 1685 982; x_wconf 63' lang='lat'>5⁰⁸⁸</span> <span class='ocrx_word' id='word_1_78' title='bbox 1695 934 1853 994; x_wconf 72' lang='lat' dir='ltr'>abigentem·</span> 
     </span>
    </p>
   </div>
   <div class='ocr_carea' id='block_1_8' title="bbox 220 1023 1034 2408">
    <p class='ocr_par' dir='ltr' id='par_1_8' title="bbox 257 1023 1031 1366">
     <span class='ocr_line' id='line_1_12' title="bbox 257 1023 1031 1104; baseline -0.004 -17"><span class='ocrx_word' id='word_1_79' title='bbox 257 1027 332 1104; x_wconf 89' lang='grc' dir='ltr'>λόγον</span> <span class='ocrx_word' id='word_1_80' title='bbox 352 1029 430 1084; x_wconf 77' lang='grc' dir='ltr'>αὐτοῦ</span> <span class='ocrx_word' id='word_1_81' title='bbox 450 1024 616 1101; x_wconf 79' lang='grc' dir='ltr'>ποιουμένους</span> <span class='ocrx_word' id='word_1_82' title='bbox 634 1023 832 1092; x_wconf 82' lang='grc' dir='ltr'>σἰτιοσοόοῦντος.</span> <span class='ocrx_word' id='word_1_83' title='bbox 878 1026 930 1086; x_wconf 79' lang='grc' dir='ltr'>Καὶ</span> <span class='ocrx_word' id='word_1_84' title='bbox 952 1031 965 1084; x_wconf 80' lang='grc' dir='ltr'>ὁ</span> <span class='ocrx_word' id='word_1_85' title='bbox 985 1027 1031 1104; x_wconf 79' lang='grc' dir='ltr'>μὲν</span> 
     </span>
     <span class='ocr_line' id='line_1_13' title="bbox 257 1111 1030 1194; baseline -0.003 -20"><span class='ocrx_word' id='word_1_86' title='bbox 257 1115 348 1192; x_wconf 77' lang='grc' dir='ltr'>ὁμοίαν</span> <span class='ocrx_word' id='word_1_87' title='bbox 362 1113 408 1184; x_wconf 74' lang='grc' dir='ltr'>τήν</span> <span class='ocrx_word' id='word_1_88' title='bbox 422 1113 564 1194; x_wconf 90' lang='grc' dir='ltr'>πρόρρησιν</span> <span class='ocrx_word' id='word_1_89' title='bbox 578 1111 681 1172; x_wconf 79' lang='grc' dir='ltr'>ἔσεσθαι</span> <span class='ocrx_word' id='word_1_90' title='bbox 698 1117 731 1190; x_wconf 79' lang='grc' dir='ltr'>τῇ</span> <span class='ocrx_word' id='word_1_91' title='bbox 746 1119 790 1171; x_wconf 81' lang='grc' dir='ltr'>τοῦ</span> <span class='ocrx_word' id='word_1_92' title='bbox 805 1112 921 1192; x_wconf 82' lang='grc' dir='ltr'>οἰνοχόου</span> <span class='ocrx_word' id='word_1_93' title='bbox 934 1137 1030 1193; x_wconf 92' lang='grc' dir='ltr'>προσε-</span> 
     </span>
     <span class='ocr_line' id='line_1_14' title="bbox 260 1197 1031 1282; baseline -0.003 -22"><span class='ocrx_word' id='word_1_94' title='bbox 260 1201 337 1272; x_wconf 84' lang='grc' dir='ltr'>δόκα,</span> <span class='ocrx_word' id='word_1_95' title='bbox 353 1203 366 1258; x_wconf 84' lang='grc' dir='ltr'>ὁ</span> <span class='ocrx_word' id='word_1_96' title='bbox 381 1200 408 1258; x_wconf 81' lang='grc' dir='ltr'>δὲ</span> <span class='ocrx_word' id='word_1_97' title='bbox 422 1199 550 1270; x_wconf 81' lang='grc' dir='ltr'>Ἰώσηπος</span> <span class='ocrx_word' id='word_1_98' title='bbox 567 1197 709 1276; x_wconf 81' lang='grc' dir='ltr'>συμόαλὼν</span> <span class='ocrx_word' id='word_1_99' title='bbox 726 1203 764 1280; x_wconf 80' lang='grc' dir='ltr'>τῷ</span> <span class='ocrx_word' id='word_1_100' title='bbox 777 1202 895 1279; x_wconf 82' lang='grc' dir='ltr'>λογισμῷ</span> <span class='ocrx_word' id='word_1_101' title='bbox 908 1200 937 1258; x_wconf 89' lang='grc' dir='ltr'>τδ</span> <span class='ocrx_word' id='word_1_102' title='bbox 955 1201 1031 1282; x_wconf 84' lang='grc' dir='ltr'>ὄναρ,</span> 
     </span>
     <span class='ocr_line' id='line_1_15' title="bbox 257 1285 1030 1366; baseline 0.003 -22"><span class='ocrx_word' id='word_1_103' title='bbox 257 1286 302 1345; x_wconf 84' lang='grc' dir='ltr'>καλ</span> <span class='ocrx_word' id='word_1_104' title='bbox 316 1287 378 1366; x_wconf 80' lang='grc' dir='ltr'>πρὸς</span> <span class='ocrx_word' id='word_1_105' title='bbox 393 1286 469 1344; x_wconf 86' lang='grc' dir='ltr'>αιἰτδν</span> <span class='ocrx_word' id='word_1_106' title='bbox 482 1285 561 1344; x_wconf 82' lang='grc' dir='ltr'>εἰπὼν</span> <span class='ocrx_word' id='word_1_107' title='bbox 575 1288 608 1352; x_wconf 83' lang='grc' dir='ltr'>ὡς</span> <span class='ocrx_word' id='word_1_108' title='bbox 620 1285 733 1345; x_wconf 77' lang='grc' dir='ltr'>έθούλετ’</span> <span class='ocrx_word' id='word_1_109' title='bbox 748 1285 779 1344; x_wconf 79' lang='grc' dir='ltr'>θν</span> <span class='ocrx_word' id='word_1_110' title='bbox 790 1289 893 1364; x_wconf 80' lang='grc' dir='ltr'>ἀγαθῶν</span> <span class='ocrx_word' id='word_1_111' title='bbox 908 1291 1030 1366; x_wconf 79' lang='grc' dir='ltr'>ἑρμηνευ-</span> 
     </span>
    </p>

    <p class='ocr_par' dir='ltr' id='par_1_9' title="bbox 221 1371 1033 1800">
     <span class='ocr_line' id='line_1_16' title="bbox 221 1371 1032 1454; baseline -0.001 -20"><span class='ocrx_word' id='word_1_112' title='bbox 221 1395 244 1434; x_wconf 86' lang='grc' dir='ltr'>ιυ</span> <span class='ocrx_word' id='word_1_113' title='bbox 257 1375 303 1444; x_wconf 83' lang='grc' dir='ltr'>τὴς</span> <span class='ocrx_word' id='word_1_114' title='bbox 319 1372 354 1431; x_wconf 78' lang='grc' dir='ltr'>ὢν</span> <span class='ocrx_word' id='word_1_115' title='bbox 378 1376 456 1431; x_wconf 80' lang='grc' dir='ltr'>αὐτοῦ</span> <span class='ocrx_word' id='word_1_116' title='bbox 475 1372 619 1450; x_wconf 87' lang='grc' dir='ltr'>γεγονέναι,</span> <span class='ocrx_word' id='word_1_117' title='bbox 641 1371 686 1430; x_wconf 83' lang='grc' dir='ltr'>καί</span> <span class='ocrx_word' id='word_1_118' title='bbox 700 1375 749 1452; x_wconf 83' lang='grc' dir='ltr'>οὐχ</span> <span class='ocrx_word' id='word_1_119' title='bbox 769 1372 830 1430; x_wconf 81' lang='grc' dir='ltr'>οἵων</span> <span class='ocrx_word' id='word_1_120' title='bbox 841 1374 870 1431; x_wconf 86' lang='grc' dir='ltr'>τδ</span> <span class='ocrx_word' id='word_1_121' title='bbox 884 1373 946 1454; x_wconf 90' lang='grc' dir='ltr'>ὄναρ</span> <span class='ocrx_word' id='word_1_122' title='bbox 961 1377 1032 1453; x_wconf 81' lang='grc' dir='ltr'>αὐτῷ</span> 
     </span>
     <span class='ocr_line' id='line_1_17' title="bbox 259 1457 1032 1540; baseline -0.001 -22"><span class='ocrx_word' id='word_1_123' title='bbox 259 1463 347 1532; x_wconf 85' lang='grc' dir='ltr'>δηλοῖ,</span> <span class='ocrx_word' id='word_1_124' title='bbox 359 1461 430 1537; x_wconf 89' lang='grc' dir='ltr'>λέγει</span> <span class='ocrx_word' id='word_1_125' title='bbox 443 1457 487 1518; x_wconf 88' lang='grc' dir='ltr'>δύο</span> <span class='ocrx_word' id='word_1_126' title='bbox 502 1459 546 1526; x_wconf 72' lang='grc' dir='ltr'>τὰς</span> <span class='ocrx_word' id='word_1_127' title='bbox 564 1459 650 1525; x_wconf 86' lang='grc' dir='ltr'>πάοας</span> <span class='ocrx_word' id='word_1_128' title='bbox 670 1458 708 1516; x_wconf 72' lang='lat' dir='ltr'>irs</span> <span class='ocrx_word' id='word_1_129' title='bbox 730 1465 774 1517; x_wconf 83' lang='grc' dir='ltr'>τοῦ</span> <span class='ocrx_word' id='word_1_130' title='bbox 797 1464 841 1529; x_wconf 70' lang='grc' dir='ltr'>ζῆν</span> <span class='ocrx_word' id='word_1_131' title='bbox 866 1461 942 1518; x_wconf 83' lang='grc' dir='ltr'>αὐτόν</span> <span class='ocrx_word' id='word_1_132' title='bbox 964 1460 1032 1540; x_wconf 63' lang='grc' dir='ltr'>ἔχειν</span> 
     </span>
     <span class='ocr_line' id='line_1_18' title="bbox 256 1546 1029 1627; baseline 0.001 -22"><span class='ocrx_word' id='word_1_133' title='bbox 256 1547 362 1627; x_wconf 82' lang='grc' dir='ltr'>ἡμέρας·</span> <span class='ocrx_word' id='word_1_134' title='bbox 385 1546 426 1622; x_wconf 77' lang='grc' dir='ltr'>(τὰ</span> <span class='ocrx_word' id='word_1_135' title='bbox 448 1547 499 1625; x_wconf 78' lang='grc' dir='ltr'>γάρ</span> <span class='ocrx_word' id='word_1_136' title='bbox 513 1555 580 1604; x_wconf 73' lang='grc' dir='ltr'>κανᾶ</span> <span class='ocrx_word' id='word_1_137' title='bbox 595 1553 670 1604; x_wconf 75' lang='grc' dir='ltr'>τοῦτο</span> <span class='ocrx_word' id='word_1_138' title='bbox 692 1547 832 1626; x_wconf 72' lang='grc' dir='ltr'>σημαίνετ)</span> <span class='ocrx_word' id='word_1_139' title='bbox 854 1552 886 1626; x_wconf 79' lang='grc' dir='ltr'>τῇ</span> <span class='ocrx_word' id='word_1_140' title='bbox 910 1548 983 1626; x_wconf 91' lang='grc' dir='ltr'>τρίτῃ</span> <span class='ocrx_word' id='word_1_141' title='bbox 1006 1548 1029 1606; x_wconf 85' lang='grc' dir='ltr'>δ’</span> 
     </span>
     <span class='ocr_line' id='line_1_19' title="bbox 257 1630 1033 1715; baseline -0.001 -22"><span class='ocrx_word' id='word_1_142' title='bbox 257 1635 332 1693; x_wconf 83' lang='grc' dir='ltr'>αὐτὸν</span> <span class='ocrx_word' id='word_1_143' title='bbox 347 1633 576 1714; x_wconf 77' lang='grc' dir='ltr'>ἀνασταυρωθέντα</span> <span class='ocrx_word' id='word_1_144' title='bbox 596 1630 674 1715; x_wconf 83' lang='grc' dir='ltr'>βορέιν</span> <span class='ocrx_word' id='word_1_145' title='bbox 686 1632 790 1692; x_wconf 82' lang='grc' dir='ltr'>ἔσεσθαι</span> <span class='ocrx_word' id='word_1_146' title='bbox 809 1639 946 1706; x_wconf 81' lang='grc' dir='ltr'>πετεινοῖς,</span> <span class='ocrx_word' id='word_1_147' title='bbox 960 1635 1033 1694; x_wconf 85' lang='grc' dir='ltr'>οὐδὲν</span> 
     </span>
     <span class='ocr_line' id='line_1_20' title="bbox 257 1718 1033 1800; baseline 0 -21"><span class='ocrx_word' id='word_1_148' title='bbox 257 1719 364 1794; x_wconf 86' lang='grc' dir='ltr'>άμύνειν</span> <span class='ocrx_word' id='word_1_149' title='bbox 376 1725 460 1800; x_wconf 81' lang='grc' dir='ltr'>ἑαυτῷ</span> <span class='ocrx_word' id='word_1_150' title='bbox 475 1720 625 1797; x_wconf 80' lang='grc' dir='ltr'>δυνάμενον.</span> <span class='ocrx_word' id='word_1_151' title='bbox 648 1719 703 1781; x_wconf 76' lang='grc' dir='ltr'>Καὶ</span> <span class='ocrx_word' id='word_1_152' title='bbox 719 1718 750 1791; x_wconf 82' lang='grc' dir='ltr'>δὴ</span> <span class='ocrx_word' id='word_1_153' title='bbox 765 1725 846 1778; x_wconf 77' lang='grc' dir='ltr'>ταῦτα</span> <span class='ocrx_word' id='word_1_154' title='bbox 861 1719 933 1787; x_wconf 84' lang='grc' dir='ltr'>τέλος</span> <span class='ocrx_word' id='word_1_155' title='bbox 946 1722 1033 1799; x_wconf 84' lang='grc' dir='ltr'>ὀμοιον</span> 
     </span>
    </p>

    <p class='ocr_par' dir='ltr' id='par_1_10' title="bbox 221 1799 1034 2227">
     <span class='ocr_line' id='line_1_21' title="bbox 221 1799 1034 1888; baseline -0.005 -16"><span class='ocrx_word' id='word_1_156' title='bbox 221 1837 244 1872; x_wconf 82' lang='lat' dir='ltr'>ro</span> <span class='ocrx_word' id='word_1_157' title='bbox 259 1800 295 1876; x_wconf 78' lang='grc' dir='ltr'>οἷς</span> <span class='ocrx_word' id='word_1_158' title='bbox 308 1811 322 1866; x_wconf 86' lang='grc' dir='ltr'>ὀ</span> <span class='ocrx_word' id='word_1_159' title='bbox 334 1807 460 1880; x_wconf 85' lang='grc' dir='ltr'>Ἰώσηπος</span> <span class='ocrx_word' id='word_1_160' title='bbox 472 1799 542 1866; x_wconf 77' lang='grc' dir='ltr'>εἶπεν</span> <span class='ocrx_word' id='word_1_161' title='bbox 557 1807 709 1887; x_wconf 74' lang='grc' dir='ltr'>ἀμφοτέροις</span> <span class='ocrx_word' id='word_1_162' title='bbox 722 1806 810 1888; x_wconf 76' lang='grc' dir='ltr'>ἔλαόε.</span> <span class='ocrx_word' id='word_1_163' title='bbox 851 1811 892 1887; x_wconf 85' lang='grc' dir='ltr'>Τῇ</span> <span class='ocrx_word' id='word_1_164' title='bbox 904 1809 954 1888; x_wconf 75' lang='grc' dir='ltr'>γάρ</span> <span class='ocrx_word' id='word_1_165' title='bbox 969 1810 1034 1885; x_wconf 74' lang='grc' dir='ltr'>ἡμέ-</span> 
     </span>
     <span class='ocr_line' id='line_1_22' title="bbox 259 1893 1034 1976; baseline 0.001 -23"><span class='ocrx_word' id='word_1_166' title='bbox 259 1919 290 1976; x_wconf 79' lang='lat' dir='ltr'>pqr</span> <span class='ocrx_word' id='word_1_167' title='bbox 304 1901 336 1974; x_wconf 83' lang='grc' dir='ltr'>τῇ</span> <span class='ocrx_word' id='word_1_168' title='bbox 350 1894 522 1975; x_wconf 84' lang='grc' dir='ltr'>προειρημένῃ</span> <span class='ocrx_word' id='word_1_169' title='bbox 538 1895 664 1973; x_wconf 77' lang='grc' dir='ltr'>γενέθλιον</span> <span class='ocrx_word' id='word_1_170' title='bbox 675 1893 814 1961; x_wconf 87' lang='grc' dir='ltr'>τετελεκὼς</span> <span class='ocrx_word' id='word_1_171' title='bbox 827 1899 841 1952; x_wconf 86' lang='grc' dir='ltr'>ὄ</span> <span class='ocrx_word' id='word_1_172' title='bbox 856 1894 977 1973; x_wconf 78' lang='grc' dir='ltr'>βασιλεὺς</span> <span class='ocrx_word' id='word_1_173' title='bbox 990 1898 1034 1954; x_wconf 88' lang='grc' dir='ltr'>τδν</span> 
     </span>
     <span class='ocr_line' id='line_1_23' title="bbox 260 1981 1032 2062; baseline 0 -22"><span class='ocrx_word' id='word_1_174' title='bbox 260 1983 306 2058; x_wconf 77' lang='grc' dir='ltr'>μέν</span> <span class='ocrx_word' id='word_1_175' title='bbox 321 1983 363 2040; x_wconf 79' lang='grc' dir='ltr'>ε’πί</span> <span class='ocrx_word' id='word_1_176' title='bbox 377 1986 428 2040; x_wconf 90' lang='grc' dir='ltr'>τῶν</span> <span class='ocrx_word' id='word_1_177' title='bbox 441 1987 578 2040; x_wconf 78' lang='grc' dir='ltr'>σιτοποιῶν</span> <span class='ocrx_word' id='word_1_178' title='bbox 599 1981 793 2062; x_wconf 80' lang='grc' dir='ltr'>ἀνεσταύρωσε,</span> <span class='ocrx_word' id='word_1_179' title='bbox 807 1981 851 2040; x_wconf 89' lang='grc' dir='ltr'>τδν</span> <span class='ocrx_word' id='word_1_180' title='bbox 872 1981 899 2040; x_wconf 79' lang='grc' dir='ltr'>δέ</span> <span class='ocrx_word' id='word_1_181' title='bbox 918 1985 1032 2062; x_wconf 80' lang='grc' dir='ltr'>οἰνοχόον</span> 
     </span>
     <span class='ocr_line' id='line_1_24' title="bbox 257 2069 1033 2149; baseline -0.001 -21"><span class='ocrx_word' id='word_1_182' title='bbox 257 2075 308 2128; x_wconf 91' lang='grc' dir='ltr'>τῶν</span> <span class='ocrx_word' id='word_1_183' title='bbox 325 2072 426 2146; x_wconf 84' lang='grc' dir='ltr'>δεσμῶν</span> <span class='ocrx_word' id='word_1_184' title='bbox 441 2069 572 2136; x_wconf 76' lang='grc' dir='ltr'>ἀπολύσας</span> <span class='ocrx_word' id='word_1_185' title='bbox 584 2071 627 2128; x_wconf 76' lang='grc' dir='ltr'>ὀπί</span> <span class='ocrx_word' id='word_1_186' title='bbox 645 2073 691 2140; x_wconf 73' lang='grc' dir='ltr'>τῆς</span> <span class='ocrx_word' id='word_1_187' title='bbox 704 2072 782 2140; x_wconf 77' lang='grc' dir='ltr'>αὐτῆς</span> <span class='ocrx_word' id='word_1_188' title='bbox 797 2069 937 2149; x_wconf 72' lang='grc' dir='ltr'>ὑπηρεσίας</span> <span class='ocrx_word' id='word_1_189' title='bbox 951 2070 1033 2129; x_wconf 87' lang='grc' dir='ltr'>κατέ-</span> 
     </span>
     <span class='ocr_line' id='line_1_25' title="bbox 258 2179 360 2227; baseline 0 -13"><span class='ocrx_word' id='word_1_190' title='bbox 258 2179 360 2227; x_wconf 86' lang='grc' dir='ltr'>στησεν.</span> 
     </span>
    </p>

    <p class='ocr_par' dir='ltr' id='par_1_11' title="bbox 220 2241 1034 2408">
     <span class='ocr_line' id='line_1_26' title="bbox 220 2241 1033 2322; baseline -0.002 -19"><span class='ocrx_word' id='word_1_191' title='bbox 220 2265 246 2303; x_wconf 73' lang='grc' dir='ltr'>ιιι</span> <span class='ocrx_word' id='word_1_192' title='bbox 298 2244 331 2303; x_wconf 87' lang='grc' dir='ltr'>δ’.</span> <span class='ocrx_word' id='word_1_193' title='bbox 347 2243 475 2314; x_wconf 78' lang='grc' dir='ltr'>Ἰώσηπον</span> <span class='ocrx_word' id='word_1_194' title='bbox 489 2241 516 2300; x_wconf 79' lang='grc' dir='ltr'>δὲ</span> <span class='ocrx_word' id='word_1_195' title='bbox 538 2243 608 2314; x_wconf 81' lang='grc' dir='ltr'>διετῆ</span> <span class='ocrx_word' id='word_1_196' title='bbox 624 2243 715 2322; x_wconf 84' lang='grc' dir='ltr'>χρόνον</span> <span class='ocrx_word' id='word_1_197' title='bbox 729 2247 782 2310; x_wconf 82' lang='grc' dir='ltr'>τοῖς</span> <span class='ocrx_word' id='word_1_198' title='bbox 799 2245 901 2320; x_wconf 88' lang='grc' dir='ltr'>δεσμοῖς</span> <span class='ocrx_word' id='word_1_199' title='bbox 915 2267 1033 2302; x_wconf 86' lang='grc' dir='ltr'>κακοπα·</span> 
     </span>
     <span class='ocr_line' id='line_1_27' title="bbox 259 2329 1034 2408; baseline -0.001 -19"><span class='ocrx_word' id='word_1_200' title='bbox 259 2335 368 2407; x_wconf 79' lang='grc' dir='ltr'>θοῦντα,</span> <span class='ocrx_word' id='word_1_201' title='bbox 381 2331 424 2389; x_wconf 85' lang='grc' dir='ltr'>καί</span> <span class='ocrx_word' id='word_1_202' title='bbox 440 2329 520 2407; x_wconf 80' lang='grc' dir='ltr'>μηδὲν</span> <span class='ocrx_word' id='word_1_203' title='bbox 535 2329 585 2388; x_wconf 83' lang='grc' dir='ltr'>ύπδ</span> <span class='ocrx_word' id='word_1_204' title='bbox 596 2337 640 2389; x_wconf 86' lang='grc' dir='ltr'>τοῦ</span> <span class='ocrx_word' id='word_1_205' title='bbox 652 2329 766 2408; x_wconf 75' lang='grc' dir='ltr'>οἰνοχόου</span> <span class='ocrx_word' id='word_1_206' title='bbox 780 2329 848 2388; x_wconf 79' lang='grc' dir='ltr'>κατὰ</span> <span class='ocrx_word' id='word_1_207' title='bbox 861 2330 969 2408; x_wconf 83' lang='grc' dir='ltr'>μνήμην</span> <span class='ocrx_word' id='word_1_208' title='bbox 983 2336 1034 2390; x_wconf 87' lang='grc' dir='ltr'>τῶν</span> 
     </span>
    </p>
   </div>
   <div class='ocr_carea' id='block_1_9' title="bbox 1077 1042 1856 1107">
    <p class='ocr_par' dir='ltr' id='par_1_12' title="bbox 1077 1042 1856 1107">
     <span class='ocr_line' id='line_1_28' title="bbox 1077 1042 1856 1107; baseline 0 -15"><span class='ocrx_word' id='word_1_209' title='bbox 1077 1043 1109 1092; x_wconf 90' lang='lat' dir='ltr'>hii</span> <span class='ocrx_word' id='word_1_210' title='bbox 1116 1043 1247 1093; x_wconf 82' lang='lat' dir='ltr'>deterritas.</span> <span class='ocrx_word' id='word_1_211' title='bbox 1279 1047 1309 1092; x_wconf 81' lang='lat' dir='ltr'>Et</span> <span class='ocrx_word' id='word_1_212' title='bbox 1318 1044 1358 1093; x_wconf 90' lang='lat' dir='ltr'>iile</span> <span class='ocrx_word' id='word_1_213' title='bbox 1366 1042 1464 1107; x_wconf 84' lang='lat' dir='ltr'>quidem</span> <span class='ocrx_word' id='word_1_214' title='bbox 1473 1043 1615 1105; x_wconf 78' lang='lat' dir='ltr'>presagium</span> <span class='ocrx_word' id='word_1_215' title='bbox 1625 1043 1705 1092; x_wconf 86' lang='lat' dir='ltr'>simite</span> <span class='ocrx_word' id='word_1_216' title='bbox 1715 1043 1768 1105; x_wconf 84' lang='lat' dir='ltr'>ejus</span> <span class='ocrx_word' id='word_1_217' title='bbox 1776 1081 1783 1105; x_wconf 88' lang='lat'><em>,</em></span> <span class='ocrx_word' id='word_1_218' title='bbox 1792 1043 1856 1107; x_wconf 87' lang='lat' dir='ltr'>quod</span> 
     </span>
    </p>
   </div>
   <div class='ocr_carea' id='block_1_10' title="bbox 1076 1153 1855 1220">
    <p class='ocr_par' dir='ltr' id='par_1_13' title="bbox 1076 1153 1855 1220">
     <span class='ocr_line' id='line_1_29' title="bbox 1076 1153 1855 1220; baseline -0.006 -14"><span class='ocrx_word' id='word_1_219' title='bbox 1076 1155 1173 1217; x_wconf 77' lang='lat' dir='ltr'>contigit</span> <span class='ocrx_word' id='word_1_220' title='bbox 1183 1156 1315 1220; x_wconf 79' lang='lat' dir='ltr'>pincerne,</span> <span class='ocrx_word' id='word_1_221' title='bbox 1331 1153 1491 1216; x_wconf 69' lang='lat' dir='ltr'>exspectabat</span> <span class='ocrx_word' id='word_1_222' title='bbox 1522 1154 1642 1216; x_wconf 87' lang='lat' dir='ltr'>iosephos</span> <span class='ocrx_word' id='word_1_223' title='bbox 1659 1156 1744 1202; x_wconf 86' lang='lat' dir='ltr'>auteur</span> <span class='ocrx_word' id='word_1_224' title='bbox 1763 1155 1855 1202; x_wconf 83' lang='lat' dir='ltr'>ratioci-</span> 
     </span>
    </p>
   </div>
   <div class='ocr_carea' id='block_1_11' title="bbox 1077 1258 1857 1889">
    <p class='ocr_par' dir='ltr' id='par_1_14' title="bbox 1077 1258 1857 1889">
     <span class='ocr_line' id='line_1_30' title="bbox 1077 1258 1853 1325; baseline 0 -13"><span class='ocrx_word' id='word_1_225' title='bbox 1077 1263 1155 1312; x_wconf 87' lang='lat' dir='ltr'>nando</span> <span class='ocrx_word' id='word_1_226' title='bbox 1166 1263 1294 1325; x_wconf 81' lang='lat' dir='ltr'>conjiciens</span> <span class='ocrx_word' id='word_1_227' title='bbox 1309 1261 1339 1312; x_wconf 91' lang='lat' dir='ltr'>de</span> <span class='ocrx_word' id='word_1_228' title='bbox 1349 1262 1455 1322; x_wconf 84' lang='lat' dir='ltr'>somnio,</span> <span class='ocrx_word' id='word_1_229' title='bbox 1474 1258 1633 1324; x_wconf 79' lang='lat' dir='ltr'>praeisiusque</span> <span class='ocrx_word' id='word_1_230' title='bbox 1644 1262 1711 1323; x_wconf 82' lang='lat' dir='ltr'>quod</span> <span class='ocrx_word' id='word_1_231' title='bbox 1732 1261 1814 1311; x_wconf 86' lang='lat' dir='ltr'>mallet</span> <span class='ocrx_word' id='word_1_232' title='bbox 1832 1265 1853 1312; x_wconf 90' lang='lat' dir='ltr'>ei</span> 
     </span>
     <span class='ocr_line' id='line_1_31' title="bbox 1078 1377 1853 1440; baseline -0.001 -13"><span class='ocrx_word' id='word_1_233' title='bbox 1078 1380 1195 1428; x_wconf 77' lang='lat' dir='ltr'>tacitorum</span> <span class='ocrx_word' id='word_1_234' title='bbox 1206 1390 1259 1428; x_wconf 84' lang='lat' dir='ltr'>esse</span> <span class='ocrx_word' id='word_1_235' title='bbox 1277 1378 1428 1440; x_wconf 76' lang='lat' dir='ltr'><strong>interpretem</strong></span> <span class='ocrx_word' id='word_1_236' title='bbox 1439 1389 1511 1439; x_wconf 85' lang='lat' dir='ltr'>qnam</span> <span class='ocrx_word' id='word_1_237' title='bbox 1532 1389 1587 1439; x_wconf 81' lang='lat' dir='ltr'>quse</span> <span class='ocrx_word' id='word_1_238' title='bbox 1598 1378 1721 1426; x_wconf 87' lang='lat' dir='ltr'>somnium</span> <span class='ocrx_word' id='word_1_239' title='bbox 1737 1377 1784 1426; x_wconf 87' lang='lat' dir='ltr'>sibi</span> <span class='ocrx_word' id='word_1_240' title='bbox 1797 1391 1853 1439; x_wconf 73' lang='lat' dir='ltr'>prae-</span> 
     </span>
     <span class='ocr_line' id='line_1_32' title="bbox 1078 1490 1857 1553; baseline -0.004 -12"><span class='ocrx_word' id='word_1_241' title='bbox 1078 1492 1213 1551; x_wconf 86' lang='lat' dir='ltr'>nunciaret,</span> <span class='ocrx_word' id='word_1_242' title='bbox 1221 1491 1293 1551; x_wconf 88' lang='lat' dir='ltr'>dicit,</span> <span class='ocrx_word' id='word_1_243' title='bbox 1303 1490 1363 1539; x_wconf 86' lang='lat' dir='ltr'>duos</span> <span class='ocrx_word' id='word_1_244' title='bbox 1369 1490 1465 1538; x_wconf 87' lang='lat' dir='ltr'>omuino</span> <span class='ocrx_word' id='word_1_245' title='bbox 1472 1491 1527 1539; x_wconf 76' lang='lat' dir='ltr'>ritae</span> <span class='ocrx_word' id='word_1_246' title='bbox 1537 1490 1587 1539; x_wconf 90' lang='lat' dir='ltr'>dies</span> <span class='ocrx_word' id='word_1_247' title='bbox 1598 1490 1643 1553; x_wconf 88' lang='lat' dir='ltr'>ipsi</span> <span class='ocrx_word' id='word_1_248' title='bbox 1652 1503 1793 1552; x_wconf 72' lang='lat' dir='ltr'>superesse,</span> <span class='ocrx_word' id='word_1_249' title='bbox 1803 1492 1857 1551; x_wconf 83' lang='lat' dir='ltr'>(troc</span> 
     </span>
     <span class='ocr_line' id='line_1_33' title="bbox 1077 1603 1855 1664; baseline -0.001 -11"><span class='ocrx_word' id='word_1_250' title='bbox 1077 1604 1140 1654; x_wconf 87' lang='lat' dir='ltr'>enim</span> <span class='ocrx_word' id='word_1_251' title='bbox 1156 1603 1286 1664; x_wconf 55' lang='lat' dir='ltr'>significant</span> <span class='ocrx_word' id='word_1_252' title='bbox 1296 1603 1420 1664; x_wconf 62' lang='lat' dir='ltr'>caninum)</span> <span class='ocrx_word' id='word_1_253' title='bbox 1436 1606 1504 1652; x_wconf 88' lang='lat' dir='ltr'>tertio</span> <span class='ocrx_word' id='word_1_254' title='bbox 1518 1617 1574 1652; x_wconf 82' lang='lat' dir='ltr'>vero</span> <span class='ocrx_word' id='word_1_255' title='bbox 1585 1605 1650 1652; x_wconf 91' lang='lat' dir='ltr'>cruci</span> <span class='ocrx_word' id='word_1_256' title='bbox 1668 1605 1785 1653; x_wconf 84' lang='lat' dir='ltr'>suiiixrrnr</span> <span class='ocrx_word' id='word_1_257' title='bbox 1796 1605 1855 1652; x_wconf 83' lang='lat' dir='ltr'>utiti-</span> 
     </span>
     <span class='ocr_line' id='line_1_34' title="bbox 1077 1713 1856 1778; baseline 0.001 -15"><span class='ocrx_word' id='word_1_258' title='bbox 1077 1715 1123 1764; x_wconf 86' lang='lat' dir='ltr'>bus</span> <span class='ocrx_word' id='word_1_259' title='bbox 1134 1713 1183 1763; x_wconf 88' lang='lat' dir='ltr'>iore</span> <span class='ocrx_word' id='word_1_260' title='bbox 1192 1714 1285 1773; x_wconf 88' lang='lat' dir='ltr'>cibum,</span> <span class='ocrx_word' id='word_1_261' title='bbox 1302 1718 1326 1763; x_wconf 91' lang='lat' dir='ltr'>et</span> <span class='ocrx_word' id='word_1_262' title='bbox 1337 1727 1486 1777; x_wconf 85' lang='lat' dir='ltr'>nequaquam</span> <span class='ocrx_word' id='word_1_263' title='bbox 1504 1713 1549 1763; x_wconf 87' lang='lat' dir='ltr'>sibi</span> <span class='ocrx_word' id='word_1_264' title='bbox 1558 1714 1669 1778; x_wconf 80' lang='lat' dir='ltr'>opitulari</span> <span class='ocrx_word' id='word_1_265' title='bbox 1682 1728 1764 1776; x_wconf 84' lang='lat' dir='ltr'>posse.</span> <span class='ocrx_word' id='word_1_266' title='bbox 1798 1719 1856 1764; x_wconf 75' lang='lat' dir='ltr'>ures</span> 
     </span>
     <span class='ocr_line' id='line_1_35' title="bbox 1078 1817 1853 1889; baseline 0.003 -16"><span class='ocrx_word' id='word_1_267' title='bbox 1078 1825 1173 1887; x_wconf 86' lang='lat' dir='ltr'>quidem</span> <span class='ocrx_word' id='word_1_268' title='bbox 1190 1826 1284 1886; x_wconf 87' lang='lat' dir='ltr'>utrique</span> <span class='ocrx_word' id='word_1_269' title='bbox 1299 1824 1436 1874; x_wconf 83' lang='lat' dir='ltr'>acciderunt</span> <span class='ocrx_word' id='word_1_270' title='bbox 1446 1817 1559 1874; x_wconf 77' lang='lat' dir='ltr'>&#39;similiter</span> <span class='ocrx_word' id='word_1_271' title='bbox 1575 1839 1604 1874; x_wconf 87' lang='lat' dir='ltr'>ae</span> <span class='ocrx_word' id='word_1_272' title='bbox 1620 1825 1715 1875; x_wconf 82' lang='lat' dir='ltr'>dixerat</span> <span class='ocrx_word' id='word_1_273' title='bbox 1727 1827 1853 1889; x_wconf 83' lang='lat' dir='ltr'>iosephus.</span> 
     </span>
    </p>
   </div>
   <div class='ocr_carea' id='block_1_12' title="bbox 1078 1937 1854 2410">
    <p class='ocr_par' dir='ltr' id='par_1_15' title="bbox 1078 1937 1853 2209">
     <span class='ocr_line' id='line_1_36' title="bbox 1079 1937 1853 2002; baseline 0.005 -15"><span class='ocrx_word' id='word_1_274' title='bbox 1079 1941 1139 1987; x_wconf 82' lang='lat' dir='ltr'>tium</span> <span class='ocrx_word' id='word_1_275' title='bbox 1150 1937 1190 1986; x_wconf 87' lang='lat' dir='ltr'>die</span> <span class='ocrx_word' id='word_1_276' title='bbox 1201 1937 1326 2001; x_wconf 72' lang='lat' dir='ltr'>predicis,</span> <span class='ocrx_word' id='word_1_277' title='bbox 1336 1952 1411 2002; x_wconf 87' lang='lat' dir='ltr'>quum</span> <span class='ocrx_word' id='word_1_278' title='bbox 1428 1939 1561 1988; x_wconf 80' lang='lat' dir='ltr'>mutinum</span> <span class='ocrx_word' id='word_1_279' title='bbox 1571 1944 1642 1988; x_wconf 84' lang='lat' dir='ltr'>su&#39;um</span> <span class='ocrx_word' id='word_1_280' title='bbox 1654 1954 1697 1990; x_wconf 81' lang='lat' dir='ltr'>rex</span> <span class='ocrx_word' id='word_1_281' title='bbox 1712 1940 1853 2000; x_wconf 79' lang='lat' dir='ltr'>celebraret,</span> 
     </span>
     <span class='ocr_line' id='line_1_37' title="bbox 1079 2044 1853 2108; baseline 0.005 -16"><span class='ocrx_word' id='word_1_282' title='bbox 1079 2044 1233 2106; x_wconf 69' lang='lat' dir='ltr'>prepositum</span> <span class='ocrx_word' id='word_1_283' title='bbox 1245 2045 1374 2106; x_wconf 87' lang='lat' dir='ltr'>pistoribus</span> <span class='ocrx_word' id='word_1_284' title='bbox 1391 2045 1416 2092; x_wconf 89' lang='lat' dir='ltr'>in</span> <span class='ocrx_word' id='word_1_285' title='bbox 1437 2057 1533 2094; x_wconf 89' lang='lat' dir='ltr'>crucem</span> <span class='ocrx_word' id='word_1_286' title='bbox 1551 2045 1612 2107; x_wconf 75' lang='lat' dir='ltr'>egit,</span> <span class='ocrx_word' id='word_1_287' title='bbox 1622 2045 1760 2108; x_wconf 85' lang='lat' dir='ltr'>pincernam</span> <span class='ocrx_word' id='word_1_288' title='bbox 1776 2053 1853 2096; x_wconf 88' lang='lat' dir='ltr'>autem</span> 
     </span>
     <span class='ocr_line' id='line_1_38' title="bbox 1078 2146 1717 2209; baseline 0.006 -15"><span class='ocrx_word' id='word_1_289' title='bbox 1078 2159 1092 2194; x_wconf 91' lang='lat' dir='ltr'>e</span> <span class='ocrx_word' id='word_1_290' title='bbox 1103 2146 1203 2194; x_wconf 89' lang='lat' dir='ltr'>rincuiis</span> <span class='ocrx_word' id='word_1_291' title='bbox 1212 2151 1348 2209; x_wconf 75' lang='lat' dir='ltr'>exemptum</span> <span class='ocrx_word' id='word_1_292' title='bbox 1357 2147 1458 2209; x_wconf 90' lang='lat' dir='ltr'>pristino</span> <span class='ocrx_word' id='word_1_293' title='bbox 1467 2148 1597 2197; x_wconf 88' lang='lat' dir='ltr'>ministerio</span> <span class='ocrx_word' id='word_1_294' title='bbox 1605 2149 1717 2198; x_wconf 84' lang='lat' dir='ltr'>restituit</span> 
     </span>
    </p>

    <p class='ocr_par' dir='ltr' id='par_1_16' title="bbox 1078 2253 1854 2410">
     <span class='ocr_line' id='line_1_39' title="bbox 1108 2253 1854 2314; baseline 0.003 -13"><span class='ocrx_word' id='word_1_295' title='bbox 1108 2255 1132 2301; x_wconf 80' lang='lat' dir='ltr'>i.</span> <span class='ocrx_word' id='word_1_296' title='bbox 1147 2253 1279 2314; x_wconf 83' lang='lat' dir='ltr'>iosephum</span> <span class='ocrx_word' id='word_1_297' title='bbox 1292 2264 1361 2313; x_wconf 85' lang='lat' dir='ltr'>reru,</span> <span class='ocrx_word' id='word_1_298' title='bbox 1372 2265 1448 2314; x_wconf 82' lang='lat' dir='ltr'>quum</span> <span class='ocrx_word' id='word_1_299' title='bbox 1465 2253 1528 2302; x_wconf 90' lang='lat' dir='ltr'>duos</span> <span class='ocrx_word' id='word_1_300' title='bbox 1538 2266 1614 2302; x_wconf 85' lang='lat' dir='ltr'>annos</span> <span class='ocrx_word' id='word_1_301' title='bbox 1631 2254 1655 2302; x_wconf 91' lang='lat' dir='ltr'>in</span> <span class='ocrx_word' id='word_1_302' title='bbox 1672 2255 1775 2303; x_wconf 85' lang='lat' dir='ltr'>sinentis</span> <span class='ocrx_word' id='word_1_303' title='bbox 1794 2255 1854 2303; x_wconf 84' lang='lat' dir='ltr'>maia</span> 
     </span>
     <span class='ocr_line' id='line_1_40' title="bbox 1078 2347 1854 2410; baseline 0.004 -15"><span class='ocrx_word' id='word_1_304' title='bbox 1078 2347 1215 2408; x_wconf 78' lang='lat' dir='ltr'>interesset,</span> <span class='ocrx_word' id='word_1_305' title='bbox 1235 2347 1365 2410; x_wconf 84' lang='lat' dir='ltr'>nihiiquea</span> <span class='ocrx_word' id='word_1_306' title='bbox 1378 2349 1488 2410; x_wconf 75' lang='lat' dir='ltr'>pincerna</span> <span class='ocrx_word' id='word_1_307' title='bbox 1505 2361 1535 2397; x_wconf 81' lang='lat' dir='ltr'>ex</span> <span class='ocrx_word' id='word_1_308' title='bbox 1554 2348 1722 2410; x_wconf 73' lang='lat' dir='ltr'>praedictorum</span> <span class='ocrx_word' id='word_1_309' title='bbox 1744 2351 1854 2398; x_wconf 84' lang='lat' dir='ltr'>memoria</span> 
     </span>
    </p>
   </div>
   <div class='ocr_carea' id='block_1_13' title="bbox 260 2413 1853 2507">
    <p class='ocr_par' dir='ltr' id='par_1_17' title="bbox 260 2413 1853 2507">
     <span class='ocr_line' id='line_1_41' title="bbox 260 2413 1853 2507; baseline 0.003 -15"><span class='ocrx_word' id='word_1_310' title='bbox 260 2415 451 2496; x_wconf 60' lang='grc' dir='ltr'>ίίίοῑίθημένων</span> <span class='ocrx_word' id='word_1_311' title='bbox 467 2415 654 2496; x_wconf 62' lang='grc' dir='ltr'>ὠίελοῦμῑνθνι</span> <span class='ocrx_word' id='word_1_312' title='bbox 674 2421 687 2474; x_wconf 71' lang='lat'><strong><em>⁶</em></strong></span> <span class='ocrx_word' id='word_1_313' title='bbox 703 2415 770 2483; x_wconf 56' lang='grc' dir='ltr'>Θεὸς</span> <span class='ocrx_word' id='word_1_314' title='bbox 790 2413 902 2474; x_wconf 58' lang='grc' dir='ltr'>ἀπέλυσε</span> <span class='ocrx_word' id='word_1_315' title='bbox 919 2421 966 2486; x_wconf 59' lang='grc' dir='ltr'>τῆς</span> <span class='ocrx_word' id='word_1_316' title='bbox 982 2420 1034 2497; x_wconf 57' lang='grc' dir='ltr'>Εἶθ’</span> <span class='ocrx_word' id='word_1_317' title='bbox 1076 2445 1208 2506; x_wconf 80' lang='lat' dir='ltr'>juvaretur,</span> <span class='ocrx_word' id='word_1_318' title='bbox 1221 2449 1286 2495; x_wconf 86' lang='lat' dir='ltr'>Deus</span> <span class='ocrx_word' id='word_1_319' title='bbox 1294 2459 1388 2496; x_wconf 87' lang='lat' dir='ltr'>esrcere</span> <span class='ocrx_word' id='word_1_320' title='bbox 1403 2446 1529 2507; x_wconf 77' lang='lat' dir='ltr'>liberarit,</span> <span class='ocrx_word' id='word_1_321' title='bbox 1541 2447 1613 2496; x_wconf 84' lang='lat' dir='ltr'>tutem</span> <span class='ocrx_word' id='word_1_322' title='bbox 1624 2449 1646 2497; x_wconf 93' lang='lat' dir='ltr'>ei</span> <span class='ocrx_word' id='word_1_323' title='bbox 1660 2449 1724 2496; x_wconf 81' lang='lat' dir='ltr'>riam</span> <span class='ocrx_word' id='word_1_324' title='bbox 1733 2448 1764 2496; x_wconf 84' lang='lat' dir='ltr'>ad</span> <span class='ocrx_word' id='word_1_325' title='bbox 1774 2449 1853 2497; x_wconf 86' lang='lat' dir='ltr'>iibera-</span> 
     </span>
    </p>
   </div>
   <div class='ocr_carea' id='block_1_14' title="bbox 258 2502 775 2584">
    <p class='ocr_par' dir='ltr' id='par_1_18' title="bbox 258 2502 775 2584">
     <span class='ocr_line' id='line_1_42' title="bbox 258 2502 775 2584; baseline 0 -24"><span class='ocrx_word' id='word_1_326' title='bbox 258 2507 333 2574; x_wconf 71' lang='grc' dir='ltr'>κτής,</span> <span class='ocrx_word' id='word_1_327' title='bbox 355 2502 474 2574; x_wconf 82' lang='grc' dir='ltr'>τοιαύτην</span> <span class='ocrx_word' id='word_1_328' title='bbox 490 2502 621 2584; x_wconf 74' lang='grc' dir='ltr'>αὐτῷτὴν</span> <span class='ocrx_word' id='word_1_329' title='bbox 636 2503 775 2581; x_wconf 74' lang='grc' dir='ltr'>ἀπαλλαγιλΙ</span> 
     </span>
    </p>
   </div>
   <div class='ocr_carea' id='block_1_15' title="bbox 214 2676 1038 5279">
    <p class='ocr_par' dir='ltr' id='par_1_19' title="bbox 214 2676 1038 5279">
     <span class='ocr_line' id='line_1_43' title="bbox 219 2676 1036 2755; baseline -0.002 -17"><span class='ocrx_word' id='word_1_330' title='bbox 219 2700 245 2738; x_wconf 75' lang='lat' dir='ltr'>us</span> <span class='ocrx_word' id='word_1_331' title='bbox 259 2676 381 2735; x_wconf 73' lang='grc' dir='ltr'>ἐνυπνίων</span> <span class='ocrx_word' id='word_1_332' title='bbox 399 2678 556 2754; x_wconf 89' lang='grc' dir='ltr'>θεασάμενος</span> <span class='ocrx_word' id='word_1_333' title='bbox 575 2678 636 2750; x_wconf 88' lang='grc' dir='ltr'>δύο,</span> <span class='ocrx_word' id='word_1_334' title='bbox 650 2677 695 2736; x_wconf 84' lang='grc' dir='ltr'>καί</span> <span class='ocrx_word' id='word_1_335' title='bbox 714 2681 771 2755; x_wconf 89' lang='grc' dir='ltr'>μετ’</span> <span class='ocrx_word' id='word_1_336' title='bbox 786 2680 871 2736; x_wconf 87' lang='grc' dir='ltr'>αὐτῶν</span> <span class='ocrx_word' id='word_1_337' title='bbox 885 2677 931 2748; x_wconf 77' lang='grc' dir='ltr'>τήν</span> <span class='ocrx_word' id='word_1_338' title='bbox 946 2678 1036 2736; x_wconf 82' lang='grc' dir='ltr'>ἑκατέ·</span> 
     </span>
     <span class='ocr_line' id='line_1_44' title="bbox 259 2762 1035 2847; baseline 0.005 -28"><span class='ocrx_word' id='word_1_339' title='bbox 259 2785 304 2840; x_wconf 87' lang='grc' dir='ltr'>ρας</span> <span class='ocrx_word' id='word_1_340' title='bbox 317 2763 449 2841; x_wconf 79' lang='grc' dir='ltr'>ἐξήγησιν,</span> <span class='ocrx_word' id='word_1_341' title='bbox 466 2762 561 2836; x_wconf 89' lang='grc' dir='ltr'>ταύτης</span> <span class='ocrx_word' id='word_1_342' title='bbox 576 2762 623 2842; x_wconf 75' lang='grc' dir='ltr'>μέν</span> <span class='ocrx_word' id='word_1_343' title='bbox 635 2765 821 2841; x_wconf 80' lang='grc' dir='ltr'>ἠμνημόνησε,</span> <span class='ocrx_word' id='word_1_344' title='bbox 836 2768 887 2822; x_wconf 92' lang='grc' dir='ltr'>τῶν</span> <span class='ocrx_word' id='word_1_345' title='bbox 901 2765 928 2822; x_wconf 81' lang='grc' dir='ltr'>δέ</span> <span class='ocrx_word' id='word_1_346' title='bbox 939 2764 1035 2847; x_wconf 87' lang='grc' dir='ltr'>ὀνειρά·</span> 
     </span>
     <span class='ocr_line' id='line_1_45' title="bbox 257 2843 1034 2931; baseline 0.004 -24"><span class='ocrx_word' id='word_1_347' title='bbox 257 2873 308 2908; x_wconf 90' lang='grc' dir='ltr'>των</span> <span class='ocrx_word' id='word_1_348' title='bbox 327 2851 463 2930; x_wconf 78' lang='grc' dir='ltr'>κατέσχεν.</span> <span class='ocrx_word' id='word_1_349' title='bbox 504 2851 654 2930; x_wconf 86' lang='grc' dir='ltr'>Ἀχθόμενος</span> <span class='ocrx_word' id='word_1_350' title='bbox 674 2843 717 2910; x_wconf 78' lang='grc' dir='ltr'>σύν</span> <span class='ocrx_word' id='word_1_351' title='bbox 732 2852 775 2910; x_wconf 82' lang='grc' dir='ltr'>ἐπί</span> <span class='ocrx_word' id='word_1_352' title='bbox 793 2860 845 2918; x_wconf 88' lang='grc' dir='ltr'>τοῖς</span> <span class='ocrx_word' id='word_1_353' title='bbox 865 2853 1034 2931; x_wconf 79' lang='grc' dir='ltr'>ἑωραμένοις,</span> 
     </span>
     <span class='ocr_line' id='line_1_46' title="bbox 259 2937 1034 3020; baseline 0.005 -26"><span class='ocrx_word' id='word_1_354' title='bbox 259 2937 313 3014; x_wconf 85' lang='grc' dir='ltr'>(καλ</span> <span class='ocrx_word' id='word_1_355' title='bbox 325 2938 375 3017; x_wconf 76' lang='grc' dir='ltr'>γὰρ</span> <span class='ocrx_word' id='word_1_356' title='bbox 388 2937 470 2997; x_wconf 77' lang='grc' dir='ltr'>ἐδόκει</span> <span class='ocrx_word' id='word_1_357' title='bbox 482 2939 620 3018; x_wconf 71' lang='grc' dir='ltr'>σκυθρωπά</span> <span class='ocrx_word' id='word_1_358' title='bbox 635 2940 708 2998; x_wconf 80' lang='grc' dir='ltr'>ταῦτ’</span> <span class='ocrx_word' id='word_1_359' title='bbox 718 2941 813 3019; x_wconf 82' lang='grc' dir='ltr'>αὖτῷ,)</span> <span class='ocrx_word' id='word_1_360' title='bbox 829 2939 963 3020; x_wconf 82' lang='grc' dir='ltr'>συνεκάλει</span> <span class='ocrx_word' id='word_1_361' title='bbox 978 2943 1034 3015; x_wconf 89' lang='grc' dir='ltr'>μεθ’</span> 
     </span>
     <span class='ocr_line' id='line_1_47' title="bbox 257 3023 1033 3106; baseline 0.004 -25"><span class='ocrx_word' id='word_1_362' title='bbox 257 3023 358 3103; x_wconf 82' lang='grc' dir='ltr'>ἡμέραν</span> <span class='ocrx_word' id='word_1_363' title='bbox 377 3026 527 3102; x_wconf 80' lang='grc' dir='ltr'>Αἰγυπτίων</span> <span class='ocrx_word' id='word_1_364' title='bbox 541 3025 599 3092; x_wconf 81' lang='grc' dir='ltr'>τούς</span> <span class='ocrx_word' id='word_1_365' title='bbox 616 3025 801 3104; x_wconf 80' lang='grc' dir='ltr'>λογιωτάτους,</span> <span class='ocrx_word' id='word_1_366' title='bbox 820 3027 924 3106; x_wconf 79' lang='grc' dir='ltr'>χρῄζων</span> <span class='ocrx_word' id='word_1_367' title='bbox 943 3027 1033 3102; x_wconf 81' lang='grc' dir='ltr'>μαθεῖν</span> 
     </span>
     <span class='ocr_line' id='line_1_48' title="bbox 219 3111 1034 3192; baseline 0 -20"><span class='ocrx_word' id='word_1_368' title='bbox 219 3133 246 3172; x_wconf 73' lang='grc' dir='ltr'>ευ</span> <span class='ocrx_word' id='word_1_369' title='bbox 258 3115 309 3170; x_wconf 90' lang='grc' dir='ltr'>τῶν</span> <span class='ocrx_word' id='word_1_370' title='bbox 327 3111 464 3192; x_wconf 80' lang='grc' dir='ltr'>ὀνειράτων</span> <span class='ocrx_word' id='word_1_371' title='bbox 482 3111 529 3183; x_wconf 79' lang='grc' dir='ltr'>τήν</span> <span class='ocrx_word' id='word_1_372' title='bbox 549 3113 642 3192; x_wconf 89' lang='grc' dir='ltr'>κρίσιν.</span> <span class='ocrx_word' id='word_1_373' title='bbox 684 3113 859 3192; x_wconf 84' lang='grc' dir='ltr'>Ἀπορούντων</span> <span class='ocrx_word' id='word_1_374' title='bbox 878 3113 900 3172; x_wconf 88' lang='grc' dir='ltr'>δ’</span> <span class='ocrx_word' id='word_1_375' title='bbox 920 3113 1034 3186; x_wconf 77' lang='grc' dir='ltr'>ἐκείνων,</span> 
     </span>
     <span class='ocr_line' id='line_1_49' title="bbox 258 3197 1034 3280; baseline 0.003 -24"><span class='ocrx_word' id='word_1_376' title='bbox 258 3197 296 3256; x_wconf 86' lang='grc' dir='ltr'>έτι</span> <span class='ocrx_word' id='word_1_377' title='bbox 317 3200 416 3275; x_wconf 77' lang='grc' dir='ltr'>μᾶλλον</span> <span class='ocrx_word' id='word_1_378' title='bbox 430 3203 444 3256; x_wconf 85' lang='grc' dir='ltr'>δ</span> <span class='ocrx_word' id='word_1_379' title='bbox 457 3197 576 3277; x_wconf 76' lang='grc' dir='ltr'>βασιλεὺς</span> <span class='ocrx_word' id='word_1_380' title='bbox 596 3199 761 3279; x_wconf 80' lang='grc' dir='ltr'>ἐταράττετο.</span> <span class='ocrx_word' id='word_1_381' title='bbox 804 3201 857 3260; x_wconf 75' lang='lat' dir='ltr'>Tire</span> <span class='ocrx_word' id='word_1_382' title='bbox 871 3199 899 3258; x_wconf 76' lang='grc' dir='ltr'>δέ</span> <span class='ocrx_word' id='word_1_383' title='bbox 919 3201 1034 3280; x_wconf 87' lang='grc' dir='ltr'>οἰνοχόον</span> 
     </span>
     <span class='ocr_line' id='line_1_50' title="bbox 258 3284 1033 3368; baseline 0.003 -26"><span class='ocrx_word' id='word_1_384' title='bbox 258 3289 357 3366; x_wconf 85' lang='grc' dir='ltr'>ὁρῶντα</span> <span class='ocrx_word' id='word_1_385' title='bbox 372 3291 416 3344; x_wconf 81' lang='grc' dir='ltr'>τοῦ</span> <span class='ocrx_word' id='word_1_386' title='bbox 432 3285 580 3366; x_wconf 77' lang='grc' dir='ltr'>Φαραώθου</span> <span class='ocrx_word' id='word_1_387' title='bbox 592 3285 638 3358; x_wconf 80' lang='grc' dir='ltr'>τήν</span> <span class='ocrx_word' id='word_1_388' title='bbox 651 3286 775 3366; x_wconf 85' lang='grc' dir='ltr'>σύγχυσιν</span> <span class='ocrx_word' id='word_1_389' title='bbox 790 3284 932 3368; x_wconf 80' lang='grc' dir='ltr'>ὑπέρχεται</span> <span class='ocrx_word' id='word_1_390' title='bbox 942 3287 1033 3365; x_wconf 89' lang='grc' dir='ltr'>μνήμη</span> 
     </span>
     <span class='ocr_line' id='line_1_51' title="bbox 257 3371 1033 3452; baseline 0.003 -22"><span class='ocrx_word' id='word_1_391' title='bbox 257 3376 303 3430; x_wconf 81' lang='grc' dir='ltr'>τοῦ</span> <span class='ocrx_word' id='word_1_392' title='bbox 329 3371 457 3442; x_wconf 87' lang='grc' dir='ltr'>Ἰωσήπου</span> <span class='ocrx_word' id='word_1_393' title='bbox 475 3372 579 3444; x_wconf 80' lang='grc' dir='ltr'>καὶτῆς</span> <span class='ocrx_word' id='word_1_394' title='bbox 598 3372 722 3452; x_wconf 84' lang='grc' dir='ltr'>περὶτῶν</span> <span class='ocrx_word' id='word_1_395' title='bbox 742 3375 878 3452; x_wconf 82' lang='grc' dir='ltr'>ὀνειράτων</span> <span class='ocrx_word' id='word_1_396' title='bbox 899 3373 1033 3440; x_wconf 89' lang='grc' dir='ltr'>συνέσεως.</span> 
     </span>
     <span class='ocr_line' id='line_1_52' title="bbox 259 3459 1033 3540; baseline 0.003 -22"><span class='ocrx_word' id='word_1_397' title='bbox 259 3459 312 3518; x_wconf 83' lang='grc' dir='ltr'>Καί</span> <span class='ocrx_word' id='word_1_398' title='bbox 326 3461 474 3540; x_wconf 86' lang='grc' dir='ltr'>προσελθὼν</span> <span class='ocrx_word' id='word_1_399' title='bbox 494 3459 619 3536; x_wconf 78' lang='grc' dir='ltr'>ἐμήνυσεν</span> <span class='ocrx_word' id='word_1_400' title='bbox 641 3462 713 3540; x_wconf 82' lang='grc' dir='ltr'>αὐτῷ</span> <span class='ocrx_word' id='word_1_401' title='bbox 731 3459 774 3518; x_wconf 84' lang='grc' dir='ltr'>τὸν</span> <span class='ocrx_word' id='word_1_402' title='bbox 790 3459 927 3533; x_wconf 82' lang='grc' dir='ltr'>Ἰώσηπον,</span> <span class='ocrx_word' id='word_1_403' title='bbox 947 3463 995 3532; x_wconf 91' lang='grc' dir='ltr'>τήν</span> <span class='ocrx_word' id='word_1_404' title='bbox 1005 3485 1033 3520; x_wconf 89' lang='grc' dir='ltr'>τε</span> 
     </span>
     <span class='ocr_line' id='line_1_53' title="bbox 218 3538 1033 3628; baseline 0.002 -24"><span class='ocrx_word' id='word_1_405' title='bbox 218 3564 245 3604; x_wconf 77' lang='lat' dir='ltr'>to</span> <span class='ocrx_word' id='word_1_406' title='bbox 258 3545 315 3628; x_wconf 68' lang='grc' dir='ltr'>ὄφιν</span> <span class='ocrx_word' id='word_1_407' title='bbox 326 3547 358 3618; x_wconf 80' lang='grc' dir='ltr'>ἣν</span> <span class='ocrx_word' id='word_1_408' title='bbox 374 3545 448 3614; x_wconf 81' lang='grc' dir='ltr'>αὐτὸς</span> <span class='ocrx_word' id='word_1_409' title='bbox 467 3538 531 3604; x_wconf 78' lang='grc' dir='ltr'>εἶδεν</span> <span class='ocrx_word' id='word_1_410' title='bbox 548 3551 574 3606; x_wconf 81' lang='grc' dir='ltr'>ἐν</span> <span class='ocrx_word' id='word_1_411' title='bbox 589 3551 621 3626; x_wconf 84' lang='grc' dir='ltr'>τῇ</span> <span class='ocrx_word' id='word_1_412' title='bbox 635 3549 738 3627; x_wconf 75' lang='grc' dir='ltr'>εἱρκτῇ,</span> <span class='ocrx_word' id='word_1_413' title='bbox 752 3547 796 3606; x_wconf 85' lang='grc' dir='ltr'>καί</span> <span class='ocrx_word' id='word_1_414' title='bbox 808 3548 837 3606; x_wconf 87' lang='grc' dir='ltr'>τδ</span> <span class='ocrx_word' id='word_1_415' title='bbox 851 3547 952 3606; x_wconf 76' lang='grc' dir='ltr'>ιἰποόδν</span> <span class='ocrx_word' id='word_1_416' title='bbox 967 3549 1033 3607; x_wconf 78' lang='grc' dir='ltr'>ἐκεί-</span> 
     </span>
     <span class='ocr_line' id='line_1_54' title="bbox 257 3632 1034 3714; baseline 0 -21"><span class='ocrx_word' id='word_1_417' title='bbox 257 3655 302 3693; x_wconf 86' lang='grc' dir='ltr'>νου</span> <span class='ocrx_word' id='word_1_418' title='bbox 324 3632 485 3714; x_wconf 91' lang='grc' dir='ltr'>φράσαντος,</span> <span class='ocrx_word' id='word_1_419' title='bbox 503 3633 542 3692; x_wconf 84' lang='grc' dir='ltr'>ὄτι</span> <span class='ocrx_word' id='word_1_420' title='bbox 560 3657 588 3691; x_wconf 92' lang='grc' dir='ltr'>τε</span> <span class='ocrx_word' id='word_1_421' title='bbox 612 3633 771 3714; x_wconf 88' lang='grc' dir='ltr'>σταυρωθείη</span> <span class='ocrx_word' id='word_1_422' title='bbox 795 3633 863 3692; x_wconf 81' lang='grc' dir='ltr'>κατὰ</span> <span class='ocrx_word' id='word_1_423' title='bbox 884 3633 931 3704; x_wconf 79' lang='grc' dir='ltr'>τήν</span> <span class='ocrx_word' id='word_1_424' title='bbox 953 3635 1034 3706; x_wconf 77' lang='grc' dir='ltr'>αὐτὴν</span> 
     </span>
     <span class='ocr_line' id='line_1_55' title="bbox 258 3719 1034 3801; baseline 0.003 -24"><span class='ocrx_word' id='word_1_425' title='bbox 258 3719 358 3799; x_wconf 62' lang='grc' dir='ltr'>Ιἡμέραν</span> <span class='ocrx_word' id='word_1_426' title='bbox 375 3722 389 3777; x_wconf 84' lang='grc' dir='ltr'>ὁ</span> <span class='ocrx_word' id='word_1_427' title='bbox 405 3720 448 3778; x_wconf 78' lang='grc' dir='ltr'>ἐπὶ</span> <span class='ocrx_word' id='word_1_428' title='bbox 465 3725 516 3778; x_wconf 90' lang='grc' dir='ltr'>τῶν</span> <span class='ocrx_word' id='word_1_429' title='bbox 537 3724 683 3793; x_wconf 89' lang='grc' dir='ltr'>σιτοποιῶν,</span> <span class='ocrx_word' id='word_1_430' title='bbox 699 3720 811 3801; x_wconf 85' lang='grc' dir='ltr'>κάκεένῳ</span> <span class='ocrx_word' id='word_1_431' title='bbox 828 3727 902 3780; x_wconf 85' lang='grc' dir='ltr'>τοῦτο</span> <span class='ocrx_word' id='word_1_432' title='bbox 915 3722 1034 3800; x_wconf 79' lang='grc' dir='ltr'>συμύαίη</span> 
     </span>
     <span class='ocr_line' id='line_1_56' title="bbox 258 3806 1034 3888; baseline 0.003 -22"><span class='ocrx_word' id='word_1_433' title='bbox 258 3806 327 3866; x_wconf 77' lang='grc' dir='ltr'>κατὰ</span> <span class='ocrx_word' id='word_1_434' title='bbox 348 3807 467 3884; x_wconf 77' lang='grc' dir='ltr'>ἐξήγησιν</span> <span class='ocrx_word' id='word_1_435' title='bbox 487 3807 628 3888; x_wconf 85' lang='grc' dir='ltr'>ὀνείρατος,</span> <span class='ocrx_word' id='word_1_436' title='bbox 643 3807 771 3878; x_wconf 83' lang='grc' dir='ltr'>Ἰωσήπου</span> <span class='ocrx_word' id='word_1_437' title='bbox 785 3807 959 3888; x_wconf 87' lang='grc' dir='ltr'>προειπόντος.</span> <span class='ocrx_word' id='word_1_438' title='bbox 981 3818 1034 3870; x_wconf 92' lang='grc' dir='ltr'>Δε-</span> 
     </span>
     <span class='ocr_line' id='line_1_57' title="bbox 259 3879 1036 3975; baseline 0.003 -22"><span class='ocrx_word' id='word_1_439' title='bbox 259 3893 346 3954; x_wconf 82' lang='grc' dir='ltr'>δὲσθαι</span> <span class='ocrx_word' id='word_1_440' title='bbox 358 3879 384 3952; x_wconf 77' lang='grc' dir='ltr'>δέ</span> <span class='ocrx_word' id='word_1_441' title='bbox 394 3901 482 3953; x_wconf 80' lang='grc' dir='ltr'>τοῦτον</span> <span class='ocrx_word' id='word_1_442' title='bbox 496 3894 542 3970; x_wconf 78' lang='grc' dir='ltr'>μέν</span> <span class='ocrx_word' id='word_1_443' title='bbox 559 3895 608 3953; x_wconf 76' lang='grc' dir='ltr'>ὑπὸ</span> <span class='ocrx_word' id='word_1_444' title='bbox 623 3899 744 3975; x_wconf 79' lang='grc' dir='ltr'>Πετεφρῆ</span> <span class='ocrx_word' id='word_1_445' title='bbox 758 3902 803 3954; x_wconf 85' lang='grc' dir='ltr'>τοῦ</span> <span class='ocrx_word' id='word_1_446' title='bbox 818 3895 861 3954; x_wconf 76' lang='grc' dir='ltr'>ἐπὶ</span> <span class='ocrx_word' id='word_1_447' title='bbox 875 3900 926 3955; x_wconf 90' lang='grc' dir='ltr'>τῶν</span> <span class='ocrx_word' id='word_1_448' title='bbox 942 3896 1036 3974; x_wconf 84' lang='grc' dir='ltr'>μαγεί·</span> 
     </span>
     <span class='ocr_line' id='line_1_58' title="bbox 214 3971 1035 4063; baseline 0 -21"><span class='ocrx_word' id='word_1_449' title='bbox 214 3971 246 4042; x_wconf 67' lang='grc' dir='ltr'>ἰιι</span> <span class='ocrx_word' id='word_1_450' title='bbox 259 4004 322 4062; x_wconf 89' lang='grc' dir='ltr'>ρων,</span> <span class='ocrx_word' id='word_1_451' title='bbox 339 3985 373 4047; x_wconf 78' lang='grc' dir='ltr'>ιῖις</span> <span class='ocrx_word' id='word_1_452' title='bbox 396 3982 493 4040; x_wconf 82' lang='grc' dir='ltr'>δοῦλον·</span> <span class='ocrx_word' id='word_1_453' title='bbox 512 3980 581 4057; x_wconf 85' lang='grc' dir='ltr'>λέγει</span> <span class='ocrx_word' id='word_1_454' title='bbox 600 3981 627 4040; x_wconf 79' lang='grc' dir='ltr'>δέ</span> <span class='ocrx_word' id='word_1_455' title='bbox 646 3983 722 4040; x_wconf 79' lang='grc' dir='ltr'>αὐτὸν</span> <span class='ocrx_word' id='word_1_456' title='bbox 742 3981 873 4061; x_wconf 82' lang='grc' dir='ltr'>Ἑόραίων</span> <span class='ocrx_word' id='word_1_457' title='bbox 892 3985 919 4040; x_wconf 77' lang='grc' dir='ltr'>ἐν</span> <span class='ocrx_word' id='word_1_458' title='bbox 941 3983 1035 4063; x_wconf 84' lang='grc' dir='ltr'>ὀλίγοις</span> 
     </span>
     <span class='ocr_line' id='line_1_59' title="bbox 259 4060 1033 4148; baseline 0 -20"><span class='ocrx_word' id='word_1_459' title='bbox 259 4060 324 4128; x_wconf 79' lang='grc' dir='ltr'>εἰναι</span> <span class='ocrx_word' id='word_1_460' title='bbox 338 4069 425 4146; x_wconf 85' lang='grc' dir='ltr'>γένους</span> <span class='ocrx_word' id='word_1_461' title='bbox 440 4067 495 4144; x_wconf 75' lang='grc' dir='ltr'>ἅμα</span> <span class='ocrx_word' id='word_1_462' title='bbox 516 4069 560 4126; x_wconf 84' lang='grc' dir='ltr'>καί</span> <span class='ocrx_word' id='word_1_463' title='bbox 577 4073 623 4140; x_wconf 78' lang='grc' dir='ltr'>τῆς</span> <span class='ocrx_word' id='word_1_464' title='bbox 638 4074 683 4127; x_wconf 80' lang='grc' dir='ltr'>τοῦ</span> <span class='ocrx_word' id='word_1_465' title='bbox 703 4070 800 4148; x_wconf 82' lang='grc' dir='ltr'>πατρὸς</span> <span class='ocrx_word' id='word_1_466' title='bbox 811 4069 892 4142; x_wconf 77' lang='grc' dir='ltr'>δόξης.</span> <span class='ocrx_word' id='word_1_467' title='bbox 933 4074 1033 4130; x_wconf 78' lang='grc' dir='ltr'>Τοῦτον</span> 
     </span>
     <span class='ocr_line' id='line_1_60' title="bbox 261 4147 1033 4238; baseline 0.004 -24"><span class='ocrx_word' id='word_1_468' title='bbox 261 4147 305 4214; x_wconf 78' lang='grc' dir='ltr'>σύν</span> <span class='ocrx_word' id='word_1_469' title='bbox 319 4155 569 4236; x_wconf 75' lang='grc' dir='ltr'>μεταπεμψάμενος,</span> <span class='ocrx_word' id='word_1_470' title='bbox 584 4156 629 4214; x_wconf 86' lang='grc' dir='ltr'>καί</span> <span class='ocrx_word' id='word_1_471' title='bbox 645 4157 681 4231; x_wconf 82' lang='grc' dir='ltr'>μὴ</span> <span class='ocrx_word' id='word_1_472' title='bbox 703 4156 745 4215; x_wconf 73' lang='grc' dir='ltr'>διὰ</span> <span class='ocrx_word' id='word_1_473' title='bbox 762 4155 809 4228; x_wconf 74' lang='grc' dir='ltr'>τήν</span> <span class='ocrx_word' id='word_1_474' title='bbox 824 4157 882 4238; x_wconf 87' lang='grc' dir='ltr'>άρτι</span> <span class='ocrx_word' id='word_1_475' title='bbox 896 4181 1033 4238; x_wconf 82' lang='grc' dir='ltr'>κακοπρα-</span> 
     </span>
     <span class='ocr_line' id='line_1_61' title="bbox 258 4241 1034 4324; baseline 0.001 -23"><span class='ocrx_word' id='word_1_476' title='bbox 258 4241 317 4321; x_wconf 88' lang='grc' dir='ltr'>γίαν</span> <span class='ocrx_word' id='word_1_477' title='bbox 330 4245 407 4301; x_wconf 81' lang='grc' dir='ltr'>αὐτοῦ</span> <span class='ocrx_word' id='word_1_478' title='bbox 421 4241 578 4322; x_wconf 76' lang='grc' dir='ltr'>καταγνοὺς,</span> <span class='ocrx_word' id='word_1_479' title='bbox 599 4243 703 4322; x_wconf 86' lang='grc' dir='ltr'>μαθήσῃ</span> <span class='ocrx_word' id='word_1_480' title='bbox 722 4242 755 4303; x_wconf 77' lang='grc' dir='ltr'>τά</span> <span class='ocrx_word' id='word_1_481' title='bbox 767 4244 817 4302; x_wconf 80' lang='grc' dir='ltr'>ὑπὸ</span> <span class='ocrx_word' id='word_1_482' title='bbox 830 4247 882 4302; x_wconf 89' lang='grc' dir='ltr'>τῶν</span> <span class='ocrx_word' id='word_1_483' title='bbox 895 4245 1034 4324; x_wconf 87' lang='grc' dir='ltr'>ὀρειράτοιν</span> 
     </span>
     <span class='ocr_line' id='line_1_62' title="bbox 258 4321 1035 4409; baseline 0 -22"><span class='ocrx_word' id='word_1_484' title='bbox 258 4351 297 4387; x_wconf 91' lang='grc' dir='ltr'>σοι</span> <span class='ocrx_word' id='word_1_485' title='bbox 308 4329 462 4406; x_wconf 88' lang='grc' dir='ltr'>δηλούμενα.</span> <span class='ocrx_word' id='word_1_486' title='bbox 478 4329 653 4396; x_wconf 85' lang='grc' dir='ltr'>Κελεύσαντος</span> <span class='ocrx_word' id='word_1_487' title='bbox 662 4321 705 4388; x_wconf 81' lang='grc' dir='ltr'>σύν</span> <span class='ocrx_word' id='word_1_488' title='bbox 720 4335 764 4388; x_wconf 79' lang='grc' dir='ltr'>τοῦ</span> <span class='ocrx_word' id='word_1_489' title='bbox 779 4329 906 4409; x_wconf 86' lang='grc' dir='ltr'>βασιλέως</span> <span class='ocrx_word' id='word_1_490' title='bbox 924 4333 960 4398; x_wconf 84' lang='grc' dir='ltr'>εἰς</span> <span class='ocrx_word' id='word_1_491' title='bbox 975 4330 1035 4408; x_wconf 82' lang='grc' dir='ltr'>ὄψιν</span> 
     </span>
     <span class='ocr_line' id='line_1_63' title="bbox 220 4416 1033 4497; baseline -0.001 -21"><span class='ocrx_word' id='word_1_492' title='bbox 220 4438 245 4476; x_wconf 82' lang='lat' dir='ltr'>ts</span> <span class='ocrx_word' id='word_1_493' title='bbox 259 4417 336 4476; x_wconf 75' lang='grc' dir='ltr'>αύτοῦ</span> <span class='ocrx_word' id='word_1_494' title='bbox 349 4417 393 4476; x_wconf 84' lang='grc' dir='ltr'>τδν</span> <span class='ocrx_word' id='word_1_495' title='bbox 405 4416 534 4488; x_wconf 77' lang='grc' dir='ltr'>Ἰώσηπον</span> <span class='ocrx_word' id='word_1_496' title='bbox 541 4426 713 4497; x_wconf 89' lang='grc' dir='ltr'>παραγαγεῖν,</span> <span class='ocrx_word' id='word_1_497' title='bbox 728 4416 827 4494; x_wconf 73' lang='grc' dir='ltr'>τὸνμὲν</span> <span class='ocrx_word' id='word_1_498' title='bbox 837 4417 944 4488; x_wconf 86' lang='grc' dir='ltr'>ἥκουσιν</span> <span class='ocrx_word' id='word_1_499' title='bbox 959 4418 1033 4494; x_wconf 78' lang='grc' dir='ltr'>ἄγον-</span> 
     </span>
     <span class='ocr_line' id='line_1_64' title="bbox 257 4503 1030 4583; baseline 0.001 -22"><span class='ocrx_word' id='word_1_500' title='bbox 257 4527 298 4570; x_wconf 86' lang='grc' dir='ltr'>τες</span> <span class='ocrx_word' id='word_1_501' title='bbox 313 4507 336 4562; x_wconf 83' lang='lat' dir='ltr'>oi</span> <span class='ocrx_word' id='word_1_502' title='bbox 352 4503 562 4581; x_wconf 84' lang='grc' dir='ltr'>κεκελευσμένοι,</span> <span class='ocrx_word' id='word_1_503' title='bbox 579 4506 773 4580; x_wconf 88' lang='grc' dir='ltr'>τημελήσαντες</span> <span class='ocrx_word' id='word_1_504' title='bbox 788 4504 901 4562; x_wconf 81' lang='grc' dir='ltr'>κατὰτὸ</span> <span class='ocrx_word' id='word_1_505' title='bbox 915 4503 1030 4583; x_wconf 88' lang='grc' dir='ltr'>πρόστα-</span> 
     </span>
     <span class='ocr_line' id='line_1_65' title="bbox 258 4593 522 4671; baseline 0.019 -22"><span class='ocrx_word' id='word_1_506' title='bbox 258 4615 319 4669; x_wconf 64' lang='grc' dir='ltr'>γμα</span> <span class='ocrx_word' id='word_1_507' title='bbox 328 4597 372 4650; x_wconf 73' lang='grc' dir='ltr'>τοῦ</span> <span class='ocrx_word' id='word_1_508' title='bbox 389 4593 522 4671; x_wconf 84' lang='grc' dir='ltr'>βασιλέως.</span> 
     </span>
     <span class='ocr_line' id='line_1_66' title="bbox 299 4669 1036 4756; baseline -0.004 -17"><span class='ocrx_word' id='word_1_509' title='bbox 299 4676 330 4739; x_wconf 82' lang='grc' dir='ltr'>ε’.</span> <span class='ocrx_word' id='word_1_510' title='bbox 343 4677 378 4739; x_wconf 87' lang='grc' dir='ltr'><strong>Ὁ</strong></span> <span class='ocrx_word' id='word_1_511' title='bbox 397 4677 438 4750; x_wconf 80' lang='grc' dir='ltr'>δέ,</span> <span class='ocrx_word' id='word_1_512' title='bbox 452 4685 497 4751; x_wconf 84' lang='grc' dir='ltr'>τῆς</span> <span class='ocrx_word' id='word_1_513' title='bbox 511 4679 594 4748; x_wconf 78' lang='grc' dir='ltr'>δεξιᾶς</span> <span class='ocrx_word' id='word_1_514' title='bbox 611 4682 691 4738; x_wconf 79' lang='grc' dir='ltr'>αὐτοῦ</span> <span class='ocrx_word' id='word_1_515' title='bbox 702 4679 885 4756; x_wconf 80' lang='grc' dir='ltr'>λαόόμενος,ι</span> <span class='ocrx_word' id='word_1_516' title='bbox 901 4669 922 4738; x_wconf 61' lang='lat' dir='ltr'>rin</span> <span class='ocrx_word' id='word_1_517' title='bbox 934 4679 1036 4752; x_wconf 85' lang='grc' dir='ltr'>νεανία,</span> 
     </span>
     <span class='ocr_line' id='line_1_67' title="bbox 260 4761 1035 4848; baseline 0.003 -26"><span class='ocrx_word' id='word_1_518' title='bbox 260 4789 271 4814; x_wconf 77' lang='grc' dir='ltr'>ι</span> <span class='ocrx_word' id='word_1_519' title='bbox 289 4761 376 4844; x_wconf 88' lang='grc' dir='ltr'>φησίν,</span> <span class='ocrx_word' id='word_1_520' title='bbox 390 4765 431 4840; x_wconf 82' lang='lat' dir='ltr'>(cir</span> <span class='ocrx_word' id='word_1_521' title='bbox 454 4767 503 4846; x_wconf 90' lang='grc' dir='ltr'>γάρ</span> <span class='ocrx_word' id='word_1_522' title='bbox 521 4790 565 4842; x_wconf 91' lang='grc' dir='ltr'>μοι</span> <span class='ocrx_word' id='word_1_523' title='bbox 583 4773 627 4824; x_wconf 82' lang='grc' dir='ltr'>νῦν</span> <span class='ocrx_word' id='word_1_524' title='bbox 640 4766 744 4848; x_wconf 84' lang='grc' dir='ltr'>άριστος</span> <span class='ocrx_word' id='word_1_525' title='bbox 764 4766 808 4825; x_wconf 88' lang='grc' dir='ltr'>καὶ</span> <span class='ocrx_word' id='word_1_526' title='bbox 823 4766 924 4824; x_wconf 87' lang='grc' dir='ltr'>σύνεσιν</span> <span class='ocrx_word' id='word_1_527' title='bbox 939 4765 1035 4825; x_wconf 75' lang='grc' dir='ltr'>ἱκανώ-</span> 
     </span>
     <span class='ocr_line' id='line_1_68' title="bbox 220 4851 1035 4935; baseline 0.004 -28"><span class='ocrx_word' id='word_1_528' title='bbox 220 4871 247 4908; x_wconf 81' lang='lat' dir='ltr'>oo</span> <span class='ocrx_word' id='word_1_529' title='bbox 260 4877 271 4902; x_wconf 75' lang='grc' dir='ltr'>ι</span> <span class='ocrx_word' id='word_1_530' title='bbox 287 4873 363 4916; x_wconf 90' lang='grc' dir='ltr'>τατος</span> <span class='ocrx_word' id='word_1_531' title='bbox 377 4851 426 4909; x_wconf 84' lang='grc' dir='ltr'>ύπδ</span> <span class='ocrx_word' id='word_1_532' title='bbox 438 4853 536 4912; x_wconf 82' lang='grc' dir='ltr'>οἰκέτου</span> <span class='ocrx_word' id='word_1_533' title='bbox 545 4856 640 4929; x_wconf 81' lang='grc' dir='ltr'>τούμοῦ</span> <span class='ocrx_word' id='word_1_534' title='bbox 655 4853 878 4935; x_wconf 78' lang='grc' dir='ltr'>μεμαρτύρησαι,)</span> <span class='ocrx_word' id='word_1_535' title='bbox 890 4857 940 4912; x_wconf 91' lang='grc' dir='ltr'>τῶν</span> <span class='ocrx_word' id='word_1_536' title='bbox 950 4855 1035 4913; x_wconf 78' lang='grc' dir='ltr'>αὐτῶν</span> 
     </span>
     <span class='ocr_line' id='line_1_69' title="bbox 260 4929 1036 5018; baseline 0.004 -24"><span class='ocrx_word' id='word_1_537' title='bbox 260 4963 272 4986; x_wconf 76' lang='grc' dir='ltr'><strong>α</strong></span> <span class='ocrx_word' id='word_1_538' title='bbox 289 4938 402 5012; x_wconf 80' lang='grc' dir='ltr'>άγαθῶν,</span> <span class='ocrx_word' id='word_1_539' title='bbox 413 4929 448 4994; x_wconf 82' lang='grc' dir='ltr'>ῶν</span> <span class='ocrx_word' id='word_1_540' title='bbox 459 4937 503 4996; x_wconf 81' lang='grc' dir='ltr'>καί</span> <span class='ocrx_word' id='word_1_541' title='bbox 518 4937 600 5018; x_wconf 82' lang='grc' dir='ltr'>τούτῳ</span> <span class='ocrx_word' id='word_1_542' title='bbox 618 4941 811 5016; x_wconf 83' lang='grc' dir='ltr'>μεταδέδιυκας,</span> <span class='ocrx_word' id='word_1_543' title='bbox 827 4939 936 5007; x_wconf 77' lang='grc' dir='ltr'>ἀξίωσον</span> <span class='ocrx_word' id='word_1_544' title='bbox 953 4937 1036 5015; x_wconf 75' lang='grc' dir='ltr'>κάμέ,</span> 
     </span>
     <span class='ocr_line' id='line_1_70' title="bbox 264 5024 1038 5107; baseline 0.009 -30"><span class='ocrx_word' id='word_1_545' title='bbox 264 5024 390 5104; x_wconf 71' lang='grc' dir='ltr'>«φράσας</span> <span class='ocrx_word' id='word_1_546' title='bbox 405 5024 454 5082; x_wconf 81' lang='grc' dir='ltr'>ὅσα</span> <span class='ocrx_word' id='word_1_547' title='bbox 475 5048 518 5102; x_wconf 93' lang='grc' dir='ltr'>μοι</span> <span class='ocrx_word' id='word_1_548' title='bbox 537 5027 604 5084; x_wconf 75' lang='grc' dir='ltr'>κατὰ</span> <span class='ocrx_word' id='word_1_549' title='bbox 622 5027 679 5093; x_wconf 82' lang='grc' dir='ltr'>τοὺς</span> <span class='ocrx_word' id='word_1_550' title='bbox 699 5025 793 5094; x_wconf 81' lang='grc' dir='ltr'>ύττνους</span> <span class='ocrx_word' id='word_1_551' title='bbox 812 5027 948 5107; x_wconf 88' lang='grc' dir='ltr'>ὀνειράτων</span> <span class='ocrx_word' id='word_1_552' title='bbox 967 5025 1038 5107; x_wconf 76' lang='grc' dir='ltr'>ὄψεις</span> 
     </span>
     <span class='ocr_line' id='line_1_71' title="bbox 262 5111 1037 5190; baseline 0.003 -22"><span class='ocrx_word' id='word_1_553' title='bbox 262 5139 274 5162; x_wconf 76' lang='grc' dir='ltr'>ι</span> <span class='ocrx_word' id='word_1_554' title='bbox 287 5113 455 5190; x_wconf 79' lang='grc' dir='ltr'>προδηλοῦσι.</span> <span class='ocrx_word' id='word_1_555' title='bbox 494 5111 628 5187; x_wconf 88' lang='grc' dir='ltr'>Βούλομαι</span> <span class='ocrx_word' id='word_1_556' title='bbox 640 5113 668 5171; x_wconf 88' lang='grc' dir='ltr'>δέ</span> <span class='ocrx_word' id='word_1_557' title='bbox 681 5135 710 5171; x_wconf 86' lang='grc' dir='ltr'>σε</span> <span class='ocrx_word' id='word_1_558' title='bbox 722 5113 803 5188; x_wconf 80' lang='grc' dir='ltr'>μηδὲν</span> <span class='ocrx_word' id='word_1_559' title='bbox 817 5112 1037 5188; x_wconf 78' lang='grc' dir='ltr'>ὑποστελλόμενον</span> 
     </span>
     <span class='ocr_line' id='line_1_72' title="bbox 262 5197 1036 5279; baseline 0.004 -26"><span class='ocrx_word' id='word_1_560' title='bbox 262 5227 274 5248; x_wconf 73' lang='grc' dir='ltr'>ι</span> <span class='ocrx_word' id='word_1_561' title='bbox 289 5197 360 5278; x_wconf 77' lang='grc' dir='ltr'>φόόιρ</span> <span class='ocrx_word' id='word_1_562' title='bbox 374 5199 530 5257; x_wconf 78' lang='grc' dir='ltr'>κολακεῦσαι</span> <span class='ocrx_word' id='word_1_563' title='bbox 552 5198 622 5278; x_wconf 87' lang='grc' dir='ltr'>λόγῳ</span> <span class='ocrx_word' id='word_1_564' title='bbox 644 5201 733 5278; x_wconf 80' lang='grc' dir='ltr'>ψευδεῖ</span> <span class='ocrx_word' id='word_1_565' title='bbox 745 5200 790 5258; x_wconf 81' lang='grc' dir='ltr'>καὶ</span> <span class='ocrx_word' id='word_1_566' title='bbox 805 5204 842 5279; x_wconf 84' lang='grc' dir='ltr'>τῷ</span> <span class='ocrx_word' id='word_1_567' title='bbox 860 5199 922 5279; x_wconf 87' lang='grc' dir='ltr'>πρδς</span> <span class='ocrx_word' id='word_1_568' title='bbox 934 5197 1036 5272; x_wconf 76' lang='grc' dir='ltr'>ἡδονήν,</span> 
     </span>
    </p>
   </div>
   <div class='ocr_carea' id='block_1_16' title="bbox 777 2505 1852 2604">
    <p class='ocr_par' dir='ltr' id='par_1_20' title="bbox 777 2505 1852 2604">
     <span class='ocr_line' id='line_1_73' title="bbox 777 2505 1852 2604; baseline 0.01 -22"><span class='ocrx_word' id='word_1_569' title='bbox 777 2528 790 2559; x_wconf 63' lang='grc' dir='ltr'>ν</span> <span class='ocrx_word' id='word_1_570' title='bbox 807 2505 1034 2583; x_wconf 57' lang='grc' dir='ltr'>μηχανησάμενος·</span> <span class='ocrx_word' id='word_1_571' title='bbox 1080 2541 1167 2589; x_wconf 86' lang='lat' dir='ltr'>tionem</span> <span class='ocrx_word' id='word_1_572' title='bbox 1178 2542 1294 2590; x_wconf 86' lang='lat' dir='ltr'>muniens.</span> <span class='ocrx_word' id='word_1_573' title='bbox 1306 2542 1451 2590; x_wconf 79' lang='lat' dir='ltr'>Pharaotires</span> <span class='ocrx_word' id='word_1_574' title='bbox 1461 2555 1512 2601; x_wconf 84' lang='lat' dir='ltr'>rex,</span> <span class='ocrx_word' id='word_1_575' title='bbox 1522 2556 1597 2604; x_wconf 82' lang='lat' dir='ltr'>quoni</span> <span class='ocrx_word' id='word_1_576' title='bbox 1605 2543 1755 2592; x_wconf 75' lang='lat' dir='ltr'>subeundem</span> <span class='ocrx_word' id='word_1_577' title='bbox 1763 2551 1852 2592; x_wconf 80' lang='lat' dir='ltr'>noctem</span> 
     </span>
    </p>
   </div>
   <div class='ocr_carea' id='block_1_17' title="bbox 260 2587 1085 2671">
    <p class='ocr_par' dir='ltr' id='par_1_21' title="bbox 260 2587 1085 2671">
     <span class='ocr_line' id='line_1_74' title="bbox 260 2587 1085 2671; baseline 0 -23"><span class='ocrx_word' id='word_1_578' title='bbox 260 2589 439 2670; x_wconf 63' lang='lat' dir='ltr'>dispositrici</span> <span class='ocrx_word' id='word_1_579' title='bbox 456 2589 592 2669; x_wconf 79' lang='grc' dir='ltr'>βασιλεὺς,</span> <span class='ocrx_word' id='word_1_580' title='bbox 611 2589 661 2648; x_wconf 77' lang='lat' dir='ltr'>ori</span> <span class='ocrx_word' id='word_1_581' title='bbox 672 2588 719 2662; x_wconf 78' lang='grc' dir='ltr'>τήν</span> <span class='ocrx_word' id='word_1_582' title='bbox 733 2588 813 2661; x_wconf 75' lang='grc' dir='ltr'>αὐτήν</span> <span class='ocrx_word' id='word_1_583' title='bbox 831 2587 945 2669; x_wconf 75' lang='grc' dir='ltr'>ἑσπέραν</span> <span class='ocrx_word' id='word_1_584' title='bbox 965 2591 1035 2671; x_wconf 68' lang='grc' dir='ltr'>ὄφεις</span> <span class='ocrx_word' id='word_1_585' title='bbox 1080 2637 1085 2647; x_wconf 89' lang='grc'>.</span> 
     </span>
    </p>
   </div>
   <div class='ocr_carea' id='block_1_18' title="bbox 1077 2637 1855 4477">
    <p class='ocr_par' dir='ltr' id='par_1_22' title="bbox 1077 2637 1855 4477">
     <span class='ocr_line' id='line_1_75' title="bbox 1079 2637 1852 2702; baseline 0.006 -18"><span class='ocrx_word' id='word_1_586' title='bbox 1079 2649 1103 2684; x_wconf 86' lang='grc' dir='ltr'>ιιι</span> <span class='ocrx_word' id='word_1_587' title='bbox 1113 2637 1212 2685; x_wconf 90' lang='lat' dir='ltr'>somniis</span> <span class='ocrx_word' id='word_1_588' title='bbox 1222 2637 1282 2685; x_wconf 85' lang='lat' dir='ltr'>duas</span> <span class='ocrx_word' id='word_1_589' title='bbox 1296 2638 1399 2686; x_wconf 79' lang='lat' dir='ltr'>visiones</span> <span class='ocrx_word' id='word_1_590' title='bbox 1410 2638 1526 2696; x_wconf 82' lang='lat' dir='ltr'>vidisset,</span> <span class='ocrx_word' id='word_1_591' title='bbox 1541 2639 1677 2702; x_wconf 69' lang='lat' dir='ltr'>pariterque</span> <span class='ocrx_word' id='word_1_592' title='bbox 1688 2641 1812 2701; x_wconf 66' lang='lat' dir='ltr'>utriusque</span> <span class='ocrx_word' id='word_1_593' title='bbox 1820 2642 1852 2688; x_wconf 90' lang='lat' dir='ltr'>in·</span> 
     </span>
     <span class='ocr_line' id='line_1_76' title="bbox 1078 2735 1852 2798; baseline 0.001 -14"><span class='ocrx_word' id='word_1_594' title='bbox 1078 2735 1284 2797; x_wconf 87' lang='lat' dir='ltr'>terpretatiouem,</span> <span class='ocrx_word' id='word_1_595' title='bbox 1294 2737 1365 2798; x_wconf 86' lang='lat' dir='ltr'>irujus</span> <span class='ocrx_word' id='word_1_596' title='bbox 1374 2735 1470 2798; x_wconf 85' lang='lat' dir='ltr'>quidem</span> <span class='ocrx_word' id='word_1_597' title='bbox 1480 2736 1569 2784; x_wconf 87' lang='lat' dir='ltr'>obiitus</span> <span class='ocrx_word' id='word_1_598' title='bbox 1578 2741 1615 2784; x_wconf 85' lang='lat' dir='ltr'>est</span> <span class='ocrx_word' id='word_1_599' title='bbox 1622 2772 1629 2796; x_wconf 89' lang='lat'><strong>,</strong></span> <span class='ocrx_word' id='word_1_600' title='bbox 1637 2737 1690 2786; x_wconf 86' lang='lat' dir='ltr'>iiins</span> <span class='ocrx_word' id='word_1_601' title='bbox 1701 2751 1757 2786; x_wconf 82' lang='lat' dir='ltr'>vero</span> <span class='ocrx_word' id='word_1_602' title='bbox 1764 2751 1852 2786; x_wconf 87' lang='lat' dir='ltr'>memo·</span> 
     </span>
     <span class='ocr_line' id='line_1_77' title="bbox 1078 2837 1852 2898; baseline 0 -13"><span class='ocrx_word' id='word_1_603' title='bbox 1078 2837 1113 2885; x_wconf 85' lang='lat' dir='ltr'>ris</span> <span class='ocrx_word' id='word_1_604' title='bbox 1124 2839 1208 2887; x_wconf 87' lang='lat' dir='ltr'>tenuit.</span> <span class='ocrx_word' id='word_1_605' title='bbox 1240 2841 1357 2886; x_wconf 83' lang='lat' dir='ltr'>Grsratus</span> <span class='ocrx_word' id='word_1_606' title='bbox 1367 2837 1437 2898; x_wconf 75' lang='lat' dir='ltr'>igitur</span> <span class='ocrx_word' id='word_1_607' title='bbox 1449 2837 1478 2885; x_wconf 88' lang='lat' dir='ltr'>iis</span> <span class='ocrx_word' id='word_1_608' title='bbox 1489 2850 1543 2898; x_wconf 85' lang='lat' dir='ltr'>qure</span> <span class='ocrx_word' id='word_1_609' title='bbox 1561 2841 1729 2898; x_wconf 78' lang='lat' dir='ltr'>conspexerat,</span> <span class='ocrx_word' id='word_1_610' title='bbox 1746 2839 1852 2898; x_wconf 79' lang='lat' dir='ltr'>(naurrpue</span> 
     </span>
     <span class='ocr_line' id='line_1_78' title="bbox 1079 2933 1850 2996; baseline -0.001 -13"><span class='ocrx_word' id='word_1_611' title='bbox 1079 2935 1156 2983; x_wconf 87' lang='lat' dir='ltr'>tristia</span> <span class='ocrx_word' id='word_1_612' title='bbox 1172 2935 1194 2984; x_wconf 90' lang='lat' dir='ltr'>ei</span> <span class='ocrx_word' id='word_1_613' title='bbox 1204 2934 1369 2994; x_wconf 59' lang='lat' dir='ltr'>videbamus)</span> <span class='ocrx_word' id='word_1_614' title='bbox 1382 2933 1459 2996; x_wconf 86' lang='lat' dir='ltr'>prima</span> <span class='ocrx_word' id='word_1_615' title='bbox 1476 2933 1529 2982; x_wconf 93' lang='lat' dir='ltr'>iuce</span> <span class='ocrx_word' id='word_1_616' title='bbox 1539 2935 1681 2982; x_wconf 79' lang='lat' dir='ltr'>convocarit</span> <span class='ocrx_word' id='word_1_617' title='bbox 1693 2935 1850 2996; x_wconf 63' lang='lat' dir='ltr'>Egyptiorum</span> 
     </span>
     <span class='ocr_line' id='line_1_79' title="bbox 1079 3029 1850 3095; baseline -0.006 -14"><span class='ocrx_word' id='word_1_618' title='bbox 1079 3031 1283 3095; x_wconf 84' lang='lat' dir='ltr'>sapientissimos,</span> <span class='ocrx_word' id='word_1_619' title='bbox 1303 3031 1364 3080; x_wconf 86' lang='lat' dir='ltr'>seire</span> <span class='ocrx_word' id='word_1_620' title='bbox 1381 3030 1519 3080; x_wconf 84' lang='lat' dir='ltr'>desiderans</span> <span class='ocrx_word' id='word_1_621' title='bbox 1534 3029 1593 3091; x_wconf 83' lang='lat' dir='ltr'>quid</span> <span class='ocrx_word' id='word_1_622' title='bbox 1607 3030 1651 3078; x_wconf 88' lang='lat' dir='ltr'>sibi</span> <span class='ocrx_word' id='word_1_623' title='bbox 1669 3030 1744 3079; x_wconf 80' lang='lat' dir='ltr'>veiint</span> <span class='ocrx_word' id='word_1_624' title='bbox 1755 3031 1850 3078; x_wconf 86' lang='lat' dir='ltr'>sorunia.</span> 
     </span>
     <span class='ocr_line' id='line_1_80' title="bbox 1080 3129 1853 3190; baseline -0.005 -9"><span class='ocrx_word' id='word_1_625' title='bbox 1080 3131 1253 3182; x_wconf 80' lang='lat' dir='ltr'>iioesitsutibus</span> <span class='ocrx_word' id='word_1_626' title='bbox 1261 3134 1342 3180; x_wconf 81' lang='lat' dir='ltr'>autern</span> <span class='ocrx_word' id='word_1_627' title='bbox 1354 3130 1414 3190; x_wconf 88' lang='lat' dir='ltr'>itiis,</span> <span class='ocrx_word' id='word_1_628' title='bbox 1425 3132 1492 3178; x_wconf 86' lang='lat' dir='ltr'>tauto</span> <span class='ocrx_word' id='word_1_629' title='bbox 1508 3130 1584 3190; x_wconf 61' lang='lat' dir='ltr'>mods</span> <span class='ocrx_word' id='word_1_630' title='bbox 1593 3143 1634 3177; x_wconf 86' lang='lat' dir='ltr'>rex</span> <span class='ocrx_word' id='word_1_631' title='bbox 1644 3129 1794 3178; x_wconf 73' lang='lat' dir='ltr'>turbabatur.</span> <span class='ocrx_word' id='word_1_632' title='bbox 1825 3134 1853 3178; x_wconf 81' lang='lat' dir='ltr'>At</span> 
     </span>
     <span class='ocr_line' id='line_1_81' title="bbox 1078 3227 1852 3296; baseline -0.009 -14"><span class='ocrx_word' id='word_1_633' title='bbox 1078 3232 1303 3296; x_wconf 73' lang='lat' dir='ltr'>pincernamquurn</span> <span class='ocrx_word' id='word_1_634' title='bbox 1312 3227 1605 3289; x_wconf 77' lang='lat' dir='ltr'>animadvertissetregem</span> <span class='ocrx_word' id='word_1_635' title='bbox 1614 3227 1852 3287; x_wconf 86' lang='lat' dir='ltr'>somniisconiusunr‚</span> 
     </span>
     <span class='ocr_line' id='line_1_82' title="bbox 1077 3325 1852 3391; baseline -0.012 -9"><span class='ocrx_word' id='word_1_636' title='bbox 1077 3331 1145 3383; x_wconf 83' lang='lat' dir='ltr'>subit</span> <span class='ocrx_word' id='word_1_637' title='bbox 1159 3330 1290 3381; x_wconf 82' lang='lat' dir='ltr'>recordatio</span> <span class='ocrx_word' id='word_1_638' title='bbox 1307 3329 1405 3391; x_wconf 89' lang='lat' dir='ltr'>Josepiri</span> <span class='ocrx_word' id='word_1_639' title='bbox 1420 3328 1519 3390; x_wconf 82' lang='lat' dir='ltr'>eiusque</span> <span class='ocrx_word' id='word_1_640' title='bbox 1538 3329 1562 3375; x_wconf 94' lang='lat' dir='ltr'>in</span> <span class='ocrx_word' id='word_1_641' title='bbox 1581 3326 1680 3375; x_wconf 78' lang='lat' dir='ltr'>murniis</span> <span class='ocrx_word' id='word_1_642' title='bbox 1695 3325 1852 3375; x_wconf 69' lang='lat' dir='ltr'>enarrandis</span> 
     </span>
     <span class='ocr_line' id='line_1_83' title="bbox 1078 3424 1853 3492; baseline -0.012 -13"><span class='ocrx_word' id='word_1_643' title='bbox 1078 3429 1247 3492; x_wconf 71' lang='lat' dir='ltr'>intelligentie.</span> <span class='ocrx_word' id='word_1_644' title='bbox 1279 3431 1388 3490; x_wconf 78' lang='lat' dir='ltr'>tiegeque</span> <span class='ocrx_word' id='word_1_645' title='bbox 1403 3427 1481 3485; x_wconf 85' lang='lat' dir='ltr'>adito,</span> <span class='ocrx_word' id='word_1_646' title='bbox 1501 3425 1615 3475; x_wconf 79' lang='lat' dir='ltr'>indicarit</span> <span class='ocrx_word' id='word_1_647' title='bbox 1630 3425 1651 3474; x_wconf 89' lang='lat' dir='ltr'>ei</span> <span class='ocrx_word' id='word_1_648' title='bbox 1670 3424 1701 3472; x_wconf 91' lang='lat' dir='ltr'>de</span> <span class='ocrx_word' id='word_1_649' title='bbox 1712 3425 1816 3487; x_wconf 81' lang='lat' dir='ltr'>iosepiro</span> <span class='ocrx_word' id='word_1_650' title='bbox 1830 3427 1853 3470; x_wconf 87' lang='lat' dir='ltr'>et</span> 
     </span>
     <span class='ocr_line' id='line_1_84' title="bbox 1078 3523 1853 3586; baseline -0.01 -8"><span class='ocrx_word' id='word_1_651' title='bbox 1078 3529 1108 3579; x_wconf 85' lang='lat' dir='ltr'>de</span> <span class='ocrx_word' id='word_1_652' title='bbox 1119 3527 1209 3578; x_wconf 85' lang='lat' dir='ltr'>risione</span> <span class='ocrx_word' id='word_1_653' title='bbox 1218 3529 1241 3575; x_wconf 89' lang='lat' dir='ltr'>in</span> <span class='ocrx_word' id='word_1_654' title='bbox 1252 3539 1346 3576; x_wconf 83' lang='lat' dir='ltr'>carcere</span> <span class='ocrx_word' id='word_1_655' title='bbox 1355 3527 1399 3575; x_wconf 81' lang='lat' dir='ltr'>sint</span> <span class='ocrx_word' id='word_1_656' title='bbox 1408 3526 1609 3586; x_wconf 74' lang='lat' dir='ltr'>obtata,e1usqoe</span> <span class='ocrx_word' id='word_1_657' title='bbox 1618 3524 1783 3586; x_wconf 82' lang='lat' dir='ltr'>erentujuxta</span> <span class='ocrx_word' id='word_1_658' title='bbox 1794 3523 1853 3572; x_wconf 86' lang='lat' dir='ltr'>titius</span> 
     </span>
     <span class='ocr_line' id='line_1_85' title="bbox 1078 3624 1854 3688; baseline -0.003 -15"><span class='ocrx_word' id='word_1_659' title='bbox 1078 3625 1309 3688; x_wconf 72' lang='lat' dir='ltr'>interpretationem,</span> <span class='ocrx_word' id='word_1_660' title='bbox 1335 3625 1447 3687; x_wconf 87' lang='lat' dir='ltr'>quodque</span> <span class='ocrx_word' id='word_1_661' title='bbox 1470 3624 1553 3674; x_wconf 84' lang='lat' dir='ltr'>endem</span> <span class='ocrx_word' id='word_1_662' title='bbox 1574 3624 1614 3673; x_wconf 91' lang='lat' dir='ltr'>die</span> <span class='ocrx_word' id='word_1_663' title='bbox 1634 3624 1753 3686; x_wconf 86' lang='lat' dir='ltr'>pistorum</span> <span class='ocrx_word' id='word_1_664' title='bbox 1770 3635 1854 3684; x_wconf 71' lang='lat' dir='ltr'>prepo-</span> 
     </span>
     <span class='ocr_line' id='line_1_86' title="bbox 1078 3719 1853 3784; baseline -0.01 -11"><span class='ocrx_word' id='word_1_665' title='bbox 1078 3722 1139 3772; x_wconf 85' lang='lat' dir='ltr'>situs</span> <span class='ocrx_word' id='word_1_666' title='bbox 1163 3723 1227 3771; x_wconf 87' lang='lat' dir='ltr'>eruci</span> <span class='ocrx_word' id='word_1_667' title='bbox 1253 3721 1356 3771; x_wconf 84' lang='lat' dir='ltr'>srrtiixus</span> <span class='ocrx_word' id='word_1_668' title='bbox 1383 3721 1468 3783; x_wconf 87' lang='lat' dir='ltr'>tuerit,</span> <span class='ocrx_word' id='word_1_669' title='bbox 1496 3721 1568 3784; x_wconf 88' lang='lat' dir='ltr'>idque</span> <span class='ocrx_word' id='word_1_670' title='bbox 1593 3722 1616 3771; x_wconf 90' lang='lat' dir='ltr'>ei</span> <span class='ocrx_word' id='word_1_671' title='bbox 1641 3720 1768 3782; x_wconf 83' lang='lat' dir='ltr'>eorrtigerit</span> <span class='ocrx_word' id='word_1_672' title='bbox 1789 3719 1853 3779; x_wconf 78' lang='lat' dir='ltr'>juxta</span> 
     </span>
     <span class='ocr_line' id='line_1_87' title="bbox 1079 3821 1852 3884; baseline -0.008 -12"><span class='ocrx_word' id='word_1_673' title='bbox 1079 3822 1165 3872; x_wconf 90' lang='lat' dir='ltr'>somnii</span> <span class='ocrx_word' id='word_1_674' title='bbox 1176 3823 1362 3882; x_wconf 81' lang='lat' dir='ltr'>enarrationem,</span> <span class='ocrx_word' id='word_1_675' title='bbox 1377 3821 1520 3884; x_wconf 71' lang='lat' dir='ltr'>predicente</span> <span class='ocrx_word' id='word_1_676' title='bbox 1533 3821 1649 3883; x_wconf 81' lang='lat' dir='ltr'>iosepho.</span> <span class='ocrx_word' id='word_1_677' title='bbox 1685 3823 1767 3883; x_wconf 83' lang='lat' dir='ltr'>ipsum</span> <span class='ocrx_word' id='word_1_678' title='bbox 1776 3822 1852 3867; x_wconf 86' lang='lat' dir='ltr'>autem</span> 
     </span>
     <span class='ocr_line' id='line_1_88' title="bbox 1079 3915 1854 3982; baseline -0.012 -13"><span class='ocrx_word' id='word_1_679' title='bbox 1079 3935 1093 3969; x_wconf 90' lang='lat' dir='ltr'>a</span> <span class='ocrx_word' id='word_1_680' title='bbox 1105 3921 1221 3978; x_wconf 86' lang='lat' dir='ltr'>Petepirre</span> <span class='ocrx_word' id='word_1_681' title='bbox 1232 3918 1329 3982; x_wconf 82' lang='lat' dir='ltr'>quidem</span> <span class='ocrx_word' id='word_1_682' title='bbox 1338 3931 1470 3981; x_wconf 84' lang='lat' dir='ltr'>eoquorum</span> <span class='ocrx_word' id='word_1_683' title='bbox 1480 3918 1594 3982; x_wconf 75' lang='lat' dir='ltr'>prefecto</span> <span class='ocrx_word' id='word_1_684' title='bbox 1604 3918 1713 3966; x_wconf 78' lang='lat' dir='ltr'>vinctum</span> <span class='ocrx_word' id='word_1_685' title='bbox 1723 3929 1790 3976; x_wconf 86' lang='lat' dir='ltr'>esse,</span> <span class='ocrx_word' id='word_1_686' title='bbox 1805 3915 1854 3975; x_wconf 83' lang='lat' dir='ltr'>ejus</span> 
     </span>
     <span class='ocr_line' id='line_1_89' title="bbox 1080 4017 1853 4087; baseline -0.006 -19"><span class='ocrx_word' id='word_1_687' title='bbox 1080 4025 1161 4087; x_wconf 80' lang='grc' dir='ltr'>ιιιροιο</span> <span class='ocrx_word' id='word_1_688' title='bbox 1169 4024 1311 4079; x_wconf 86' lang='lat' dir='ltr'>serrum;at</span> <span class='ocrx_word' id='word_1_689' title='bbox 1319 4018 1376 4067; x_wconf 86' lang='lat' dir='ltr'>dicit</span> <span class='ocrx_word' id='word_1_690' title='bbox 1387 4031 1442 4067; x_wconf 83' lang='lat' dir='ltr'>euni</span> <span class='ocrx_word' id='word_1_691' title='bbox 1451 4018 1581 4068; x_wconf 81' lang='lat' dir='ltr'>tiebraeum</span> <span class='ocrx_word' id='word_1_692' title='bbox 1594 4029 1648 4067; x_wconf 84' lang='lat' dir='ltr'>esse</span> <span class='ocrx_word' id='word_1_693' title='bbox 1657 4030 1743 4078; x_wconf 75' lang='lat' dir='ltr'>genere</span> <span class='ocrx_word' id='word_1_694' title='bbox 1750 4031 1778 4067; x_wconf 84' lang='grc' dir='ltr'>ετ</span> <span class='ocrx_word' id='word_1_695' title='bbox 1789 4017 1853 4064; x_wconf 86' lang='lat' dir='ltr'>uobi-</span> 
     </span>
     <span class='ocr_line' id='line_1_90' title="bbox 1079 4114 1854 4180; baseline -0.012 -12"><span class='ocrx_word' id='word_1_696' title='bbox 1079 4119 1179 4168; x_wconf 84' lang='lat' dir='ltr'>iioribus</span> <span class='ocrx_word' id='word_1_697' title='bbox 1187 4122 1260 4180; x_wconf 85' lang='lat' dir='ltr'>atque</span> <span class='ocrx_word' id='word_1_698' title='bbox 1267 4123 1332 4180; x_wconf 87' lang='lat' dir='ltr'>patre</span> <span class='ocrx_word' id='word_1_699' title='bbox 1341 4117 1405 4166; x_wconf 88' lang='lat' dir='ltr'>ciaro</span> <span class='ocrx_word' id='word_1_700' title='bbox 1414 4119 1507 4165; x_wconf 83' lang='lat' dir='ltr'>natum.</span> <span class='ocrx_word' id='word_1_701' title='bbox 1521 4135 1534 4159; x_wconf 75' lang='grc' dir='ltr'>α</span> <span class='ocrx_word' id='word_1_702' title='bbox 1544 4117 1613 4165; x_wconf 81' lang='lat' dir='ltr'>Hune</span> <span class='ocrx_word' id='word_1_703' title='bbox 1619 4115 1690 4176; x_wconf 74' lang='lat' dir='ltr'>igitur</span> <span class='ocrx_word' id='word_1_704' title='bbox 1698 4115 1718 4162; x_wconf 91' lang='lat' dir='ltr'>si</span> <span class='ocrx_word' id='word_1_705' title='bbox 1727 4114 1854 4163; x_wconf 83' lang='lat' dir='ltr'>accersire·</span> 
     </span>
     <span class='ocr_line' id='line_1_91' title="bbox 1080 4213 1854 4280; baseline -0.012 -12"><span class='ocrx_word' id='word_1_706' title='bbox 1080 4220 1129 4280; x_wconf 87' lang='lat' dir='ltr'>ris,</span> <span class='ocrx_word' id='word_1_707' title='bbox 1140 4231 1183 4269; x_wconf 87' lang='lat' dir='ltr'>nec</span> <span class='ocrx_word' id='word_1_708' title='bbox 1193 4221 1288 4280; x_wconf 87' lang='lat' dir='ltr'>propter</span> <span class='ocrx_word' id='word_1_709' title='bbox 1297 4217 1372 4276; x_wconf 87' lang='lat' dir='ltr'>maia,</span> <span class='ocrx_word' id='word_1_710' title='bbox 1380 4218 1490 4278; x_wconf 75' lang='lat' dir='ltr'>quietam</span> <span class='ocrx_word' id='word_1_711' title='bbox 1500 4215 1598 4278; x_wconf 84' lang='lat' dir='ltr'>patitur,</span> <span class='ocrx_word' id='word_1_712' title='bbox 1606 4213 1756 4276; x_wconf 77' lang='lat' dir='ltr'>despexeris,</span> <span class='ocrx_word' id='word_1_713' title='bbox 1766 4213 1854 4261; x_wconf 83' lang='lat' dir='ltr'>discere</span> 
     </span>
     <span class='ocr_line' id='line_1_92' title="bbox 1080 4313 1855 4380; baseline -0.01 -13"><span class='ocrx_word' id='word_1_714' title='bbox 1080 4319 1134 4367; x_wconf 90' lang='lat' dir='ltr'>iicet</span> <span class='ocrx_word' id='word_1_715' title='bbox 1143 4330 1197 4380; x_wconf 72' lang='lat' dir='ltr'>quse</span> <span class='ocrx_word' id='word_1_716' title='bbox 1204 4317 1247 4365; x_wconf 89' lang='lat' dir='ltr'>tibi</span> <span class='ocrx_word' id='word_1_717' title='bbox 1257 4316 1420 4380; x_wconf 73' lang='lat' dir='ltr'>pronunciant</span> <span class='ocrx_word' id='word_1_718' title='bbox 1430 4314 1529 4363; x_wconf 85' lang='lat' dir='ltr'>somnia.</span> <span class='ocrx_word' id='word_1_719' title='bbox 1540 4334 1552 4357; x_wconf 70' lang='grc' dir='ltr'>ι</span> <span class='ocrx_word' id='word_1_720' title='bbox 1563 4316 1626 4379; x_wconf 80' lang='lat' dir='ltr'>Rege</span> <span class='ocrx_word' id='word_1_721' title='bbox 1637 4313 1819 4376; x_wconf 77' lang='lat' dir='ltr'>itsquejubente</span> <span class='ocrx_word' id='word_1_722' title='bbox 1829 4315 1855 4358; x_wconf 95' lang='lat' dir='ltr'>ut</span> 
     </span>
     <span class='ocr_line' id='line_1_93' title="bbox 1079 4411 1852 4477; baseline -0.013 -11"><span class='ocrx_word' id='word_1_723' title='bbox 1079 4429 1158 4466; x_wconf 84' lang='lat' dir='ltr'>coram</span> <span class='ocrx_word' id='word_1_724' title='bbox 1178 4416 1230 4477; x_wconf 87' lang='lat' dir='ltr'>ipso</span> <span class='ocrx_word' id='word_1_725' title='bbox 1250 4415 1373 4463; x_wconf 75' lang='lat' dir='ltr'>sisteretur</span> <span class='ocrx_word' id='word_1_726' title='bbox 1391 4413 1526 4476; x_wconf 78' lang='lat' dir='ltr'>iosephus,</span> <span class='ocrx_word' id='word_1_727' title='bbox 1543 4413 1643 4462; x_wconf 86' lang='lat' dir='ltr'>veniunt</span> <span class='ocrx_word' id='word_1_728' title='bbox 1665 4413 1753 4474; x_wconf 83' lang='lat' dir='ltr'>quibus</span> <span class='ocrx_word' id='word_1_729' title='bbox 1772 4411 1795 4459; x_wconf 87' lang='lat' dir='ltr'>iri</span> <span class='ocrx_word' id='word_1_730' title='bbox 1815 4423 1852 4457; x_wconf 89' lang='lat' dir='ltr'>ue·</span> 
     </span>
    </p>
   </div>
   <div class='ocr_carea' id='block_1_19' title="bbox 1079 4515 1852 4580">
    <p class='ocr_par' dir='ltr' id='par_1_23' title="bbox 1079 4515 1852 4580">
     <span class='ocr_line' id='line_1_94' title="bbox 1079 4515 1852 4580; baseline -0.01 -12"><span class='ocrx_word' id='word_1_731' title='bbox 1079 4519 1136 4580; x_wconf 78' lang='lat' dir='ltr'>getii</span> <span class='ocrx_word' id='word_1_732' title='bbox 1152 4518 1235 4567; x_wconf 88' lang='lat' dir='ltr'>datum</span> <span class='ocrx_word' id='word_1_733' title='bbox 1247 4520 1310 4578; x_wconf 84' lang='lat' dir='ltr'>erat,</span> <span class='ocrx_word' id='word_1_734' title='bbox 1325 4530 1381 4566; x_wconf 90' lang='lat' dir='ltr'>eum</span> <span class='ocrx_word' id='word_1_735' title='bbox 1397 4515 1554 4574; x_wconf 83' lang='lat' dir='ltr'>adducentes,</span> <span class='ocrx_word' id='word_1_736' title='bbox 1573 4519 1683 4563; x_wconf 83' lang='lat' dir='ltr'>curatum</span> <span class='ocrx_word' id='word_1_737' title='bbox 1695 4519 1720 4563; x_wconf 88' lang='lat' dir='ltr'>et</span> <span class='ocrx_word' id='word_1_738' title='bbox 1732 4516 1852 4570; x_wconf 86' lang='lat' dir='ltr'>ornatum,</span> 
     </span>
    </p>
   </div>
   <div class='ocr_carea' id='block_1_20' title="bbox 1080 4609 1853 5102">
    <p class='ocr_par' dir='ltr' id='par_1_24' title="bbox 1080 4609 1416 4675">
     <span class='ocr_line' id='line_1_95' title="bbox 1080 4609 1416 4675; baseline -0.009 -15"><span class='ocrx_word' id='word_1_739' title='bbox 1080 4617 1151 4675; x_wconf 90' lang='lat' dir='ltr'>prout</span> <span class='ocrx_word' id='word_1_740' title='bbox 1159 4611 1188 4660; x_wconf 90' lang='lat' dir='ltr'>iis</span> <span class='ocrx_word' id='word_1_741' title='bbox 1199 4625 1241 4659; x_wconf 81' lang='lat' dir='ltr'>ren</span> <span class='ocrx_word' id='word_1_742' title='bbox 1253 4609 1416 4658; x_wconf 79' lang='lat' dir='ltr'>mondaverat.</span> 
     </span>
    </p>

    <p class='ocr_par' dir='ltr' id='par_1_25' title="bbox 1082 4684 1853 5102">
     <span class='ocr_line' id='line_1_96' title="bbox 1110 4684 1852 4750; baseline -0.013 -10"><span class='ocrx_word' id='word_1_743' title='bbox 1110 4698 1133 4740; x_wconf 82' lang='lat'>5.</span> <span class='ocrx_word' id='word_1_744' title='bbox 1152 4689 1193 4739; x_wconf 87' lang='lat' dir='ltr'>iiie</span> <span class='ocrx_word' id='word_1_745' title='bbox 1204 4703 1261 4738; x_wconf 86' lang='lat' dir='ltr'>vero</span> <span class='ocrx_word' id='word_1_746' title='bbox 1272 4702 1328 4738; x_wconf 90' lang='lat' dir='ltr'>eum</span> <span class='ocrx_word' id='word_1_747' title='bbox 1339 4689 1421 4737; x_wconf 73' lang='lat' dir='ltr'>deutra</span> <span class='ocrx_word' id='word_1_748' title='bbox 1431 4685 1580 4750; x_wconf 80' lang='lat' dir='ltr'>pretendens</span> <span class='ocrx_word' id='word_1_749' title='bbox 1591 4686 1683 4746; x_wconf 83' lang='lat' dir='ltr'>iuquit,</span> <span class='ocrx_word' id='word_1_750' title='bbox 1696 4686 1741 4734; x_wconf 78' lang='lat'>«0</span> <span class='ocrx_word' id='word_1_751' title='bbox 1750 4684 1852 4745; x_wconf 83' lang='lat' dir='ltr'>juvenis,</span> 
     </span>
     <span class='ocr_line' id='line_1_97' title="bbox 1082 4772 1851 4839; baseline -0.014 -12"><span class='ocrx_word' id='word_1_752' title='bbox 1082 4798 1094 4821; x_wconf 82' lang='grc' dir='ltr'>ι</span> <span class='ocrx_word' id='word_1_753' title='bbox 1108 4777 1159 4839; x_wconf 85' lang='lat' dir='ltr'>(tibi</span> <span class='ocrx_word' id='word_1_754' title='bbox 1169 4777 1233 4826; x_wconf 90' lang='lat' dir='ltr'>euim</span> <span class='ocrx_word' id='word_1_755' title='bbox 1243 4789 1326 4825; x_wconf 84' lang='lat' dir='ltr'>sersus</span> <span class='ocrx_word' id='word_1_756' title='bbox 1333 4789 1400 4824; x_wconf 89' lang='lat' dir='ltr'>meus</span> <span class='ocrx_word' id='word_1_757' title='bbox 1410 4775 1494 4837; x_wconf 91' lang='lat' dir='ltr'>optimi</span> <span class='ocrx_word' id='word_1_758' title='bbox 1505 4774 1627 4835; x_wconf 82' lang='lat' dir='ltr'>pariterue</span> <span class='ocrx_word' id='word_1_759' title='bbox 1639 4786 1717 4820; x_wconf 88' lang='lat' dir='ltr'>rerum</span> <span class='ocrx_word' id='word_1_760' title='bbox 1726 4772 1851 4831; x_wconf 77' lang='lat' dir='ltr'>intelliges·</span> 
     </span>
     <span class='ocr_line' id='line_1_98' title="bbox 1082 4857 1852 4923; baseline -0.01 -9"><span class='ocrx_word' id='word_1_761' title='bbox 1082 4885 1095 4907; x_wconf 79' lang='grc' dir='ltr'>ι</span> <span class='ocrx_word' id='word_1_762' title='bbox 1108 4865 1191 4914; x_wconf 82' lang='lat' dir='ltr'>tissimi</span> <span class='ocrx_word' id='word_1_763' title='bbox 1200 4863 1361 4912; x_wconf 84' lang='lat' dir='ltr'>testimonium</span> <span class='ocrx_word' id='word_1_764' title='bbox 1371 4861 1455 4923; x_wconf 65' lang='lat' dir='ltr'>dedit)</span> <span class='ocrx_word' id='word_1_765' title='bbox 1466 4861 1503 4910; x_wconf 87' lang='lat' dir='ltr'>iac</span> <span class='ocrx_word' id='word_1_766' title='bbox 1513 4861 1584 4909; x_wconf 85' lang='lat' dir='ltr'>etiarn</span> <span class='ocrx_word' id='word_1_767' title='bbox 1597 4872 1635 4908; x_wconf 90' lang='lat' dir='ltr'>me</span> <span class='ocrx_word' id='word_1_768' title='bbox 1644 4859 1773 4908; x_wconf 85' lang='lat' dir='ltr'>eorundem</span> <span class='ocrx_word' id='word_1_769' title='bbox 1783 4857 1852 4906; x_wconf 87' lang='lat' dir='ltr'>bono·</span> 
     </span>
     <span class='ocr_line' id='line_1_99' title="bbox 1082 4943 1853 5015; baseline -0.016 -13"><span class='ocrx_word' id='word_1_770' title='bbox 1082 4973 1095 4996; x_wconf 79' lang='grc' dir='ltr'>ι</span> <span class='ocrx_word' id='word_1_771' title='bbox 1107 4965 1160 5001; x_wconf 89' lang='lat' dir='ltr'>rum</span> <span class='ocrx_word' id='word_1_772' title='bbox 1169 4952 1305 5015; x_wconf 82' lang='lat' dir='ltr'>perticipem</span> <span class='ocrx_word' id='word_1_773' title='bbox 1315 4986 1322 5010; x_wconf 93' lang='lat'>,</span> <span class='ocrx_word' id='word_1_774' title='bbox 1333 4950 1420 5013; x_wconf 84' lang='lat' dir='ltr'>quibus</span> <span class='ocrx_word' id='word_1_775' title='bbox 1429 4953 1454 4998; x_wconf 91' lang='lat' dir='ltr'>et</span> <span class='ocrx_word' id='word_1_776' title='bbox 1462 4950 1535 4998; x_wconf 87' lang='lat' dir='ltr'>isium</span> <span class='ocrx_word' id='word_1_777' title='bbox 1549 4947 1714 5010; x_wconf 87' lang='lat' dir='ltr'>impertiristi,</span> <span class='ocrx_word' id='word_1_778' title='bbox 1726 4943 1853 4996; x_wconf 83' lang='lat' dir='ltr'>enarrando</span> 
     </span>
     <span class='ocr_line' id='line_1_100' title="bbox 1083 5033 1850 5102; baseline -0.016 -12"><span class='ocrx_word' id='word_1_779' title='bbox 1083 5060 1095 5084; x_wconf 81' lang='grc' dir='ltr'>ι</span> <span class='ocrx_word' id='word_1_780' title='bbox 1109 5039 1221 5102; x_wconf 75' lang='lat' dir='ltr'>presagia</span> <span class='ocrx_word' id='word_1_781' title='bbox 1234 5038 1379 5088; x_wconf 87' lang='lat' dir='ltr'>somniorum</span> <span class='ocrx_word' id='word_1_782' title='bbox 1388 5051 1443 5100; x_wconf 78' lang='lat' dir='ltr'>qum</span> <span class='ocrx_word' id='word_1_783' title='bbox 1462 5036 1519 5085; x_wconf 84' lang='lat' dir='ltr'>mihi</span> <span class='ocrx_word' id='word_1_784' title='bbox 1531 5049 1574 5097; x_wconf 89' lang='lat' dir='ltr'>per</span> <span class='ocrx_word' id='word_1_785' title='bbox 1586 5035 1690 5098; x_wconf 88' lang='lat' dir='ltr'>quietem</span> <span class='ocrx_word' id='word_1_786' title='bbox 1708 5033 1850 5094; x_wconf 77' lang='lat' dir='ltr'>obtigerunt.</span> 
     </span>
    </p>
   </div>
   <div class='ocr_carea' id='block_1_21' title="bbox 1083 5121 1853 5268">
    <p class='ocr_par' dir='ltr' id='par_1_26' title="bbox 1083 5121 1853 5268">
     <span class='ocr_line' id='line_1_101' title="bbox 1083 5121 1853 5184; baseline -0.013 -8"><span class='ocrx_word' id='word_1_787' title='bbox 1083 5146 1095 5170; x_wconf 80' lang='grc' dir='ltr'>ι</span> <span class='ocrx_word' id='word_1_788' title='bbox 1109 5129 1160 5176; x_wconf 82' lang='grc' dir='ltr'>Ηοο</span> <span class='ocrx_word' id='word_1_789' title='bbox 1168 5129 1247 5175; x_wconf 89' lang='lat' dir='ltr'>autem</span> <span class='ocrx_word' id='word_1_790' title='bbox 1258 5127 1324 5184; x_wconf 87' lang='lat' dir='ltr'>roto,</span> <span class='ocrx_word' id='word_1_791' title='bbox 1335 5139 1366 5174; x_wconf 90' lang='lat' dir='ltr'>ne</span> <span class='ocrx_word' id='word_1_792' title='bbox 1375 5124 1452 5173; x_wconf 88' lang='lat' dir='ltr'>timori</span> <span class='ocrx_word' id='word_1_793' title='bbox 1462 5123 1548 5173; x_wconf 87' lang='lat' dir='ltr'>cedens</span> <span class='ocrx_word' id='word_1_794' title='bbox 1557 5123 1663 5171; x_wconf 87' lang='lat' dir='ltr'>oratione</span> <span class='ocrx_word' id='word_1_795' title='bbox 1671 5121 1700 5170; x_wconf 83' lang='lat' dir='ltr'>ari</span> <span class='ocrx_word' id='word_1_796' title='bbox 1709 5121 1806 5182; x_wconf 79' lang='lat' dir='ltr'>gratiam</span> <span class='ocrx_word' id='word_1_797' title='bbox 1814 5124 1853 5167; x_wconf 87' lang='lat' dir='ltr'>aut</span> 
     </span>
     <span class='ocr_line' id='line_1_102' title="bbox 1083 5195 1852 5268; baseline -0.009 -18"><span class='ocrx_word' id='word_1_798' title='bbox 1083 5226 1095 5250; x_wconf 72' lang='grc' dir='ltr'>«ι</span> <span class='ocrx_word' id='word_1_799' title='bbox 1107 5207 1253 5268; x_wconf 84' lang='lat' dir='ltr'>voiuptatem</span> <span class='ocrx_word' id='word_1_800' title='bbox 1269 5203 1323 5254; x_wconf 79' lang='lat' dir='ltr'>tcta</span> <span class='ocrx_word' id='word_1_801' title='bbox 1339 5203 1414 5252; x_wconf 90' lang='lat' dir='ltr'>utaris</span> <span class='ocrx_word' id='word_1_802' title='bbox 1423 5202 1556 5262; x_wconf 85' lang='lat' dir='ltr'>aduisudo,</span> <span class='ocrx_word' id='word_1_803' title='bbox 1568 5202 1588 5250; x_wconf 89' lang='lat' dir='ltr'>si</span> <span class='ocrx_word' id='word_1_804' title='bbox 1605 5199 1676 5263; x_wconf 86' lang='lat' dir='ltr'>puuio</span> <span class='ocrx_word' id='word_1_805' title='bbox 1690 5198 1805 5248; x_wconf 82' lang='lat' dir='ltr'>horridior</span> <span class='ocrx_word' id='word_1_806' title='bbox 1821 5195 1852 5244; x_wconf 92' lang='lat' dir='ltr'>sit</span> 
     </span>
    </p>
   </div>
   <div class='ocr_carea' id='block_1_22' title="bbox 0 0 1936 6084">
    <p class='ocr_par' dir='ltr' id='par_1_27' title="bbox 0 0 1936 6084">
     <span class='ocr_line' id='line_1_103' title="bbox 0 0 1936 6084; baseline 0 0"><span class='ocrx_word' id='word_1_807' title='bbox 0 0 1936 6084; x_wconf 95' lang='lat' dir='ltr'> </span> 
     </span>
    </p>
   </div>
  </div>
 </body>
</html>
