3859 6084
276 527 316 581 60
395 493 492 591 (τηου.)

275 646 410 726 βασιλείας
427 648 510 724 αὐτῷ,
530 648 543 703 b
561 643 712 722 Φαραώθης
731 641 886 702 ἐπυνθάνετο
905 641 987 700 πόσον
1005 641 1056 714 ήδη

280 733 413 813 βεύιωκὼς
425 731 464 804 εἴη
475 729 575 812 χρόνον.
596 734 650 791 Τοῦ
662 729 685 788 δ’
693 729 786 790 ἑκατὸν
799 729 843 802 ἔτη
859 729 904 788 καί
914 729 1055 810 τριάκοντα

273 819 405 899 γεγονέναι
414 819 556 901 φήσαντος,
569 817 700 893 ἐθαύμασε
712 823 757 877 τοῦ
769 817 867 895 μήκους
878 823 924 890 τῆς
936 822 1003 888 ζωῆς
1012 816 1056 876 τδν

274 908 410 969 Ἰάκωὸον.
459 905 585 972 Εἰπόντος
600 906 622 962 δ’
636 909 671 972 ὡς
684 905 782 975 ἥττονα
794 909 845 962 τῶν
861 906 996 985 προγόνων
1014 904 1055 977 εἴη

244 995 405 1074 spatiosis<
425 994 487 1069 ἔτη,
509 993 688 1074 συνεχώρησεν
704 997 776 1076 αὐτῷ
797 997 842 1065 ζῆν
856 992 922 1070 μετὰ
941 998 994 1051 τῶν
1010 993 1055 1052 τέ-

271 1107 337 1142 κνων
350 1086 377 1141 ἐν
391 1082 568 1144 Ἡλιουπολει.
612 1083 658 1142 Ἐν
672 1083 756 1162 ἐκείνῃ
775 1081 826 1162 γάρ
839 1081 885 1141 καί
896 1085 919 1140 ol
933 1079 1054 1158 ποιμένες

272 1175 350 1230 αὐτοῦ
364 1162 590 1250 τάςνομὰςεῖχον.
727 1169 730 1176 ’

309 1262 341 1329 ζ’.
367 1260 400 1320 Ὁ
416 1258 443 1317 δὲ
462 1259 536 1334 λιμὸς
552 1267 605 1325 τοῖς
625 1257 778 1337 Αἰγυπτίοις
794 1258 951 1334 ἐπετείνετο,
969 1258 1055 1317 καὶτὸ

269 1349 349 1406 δεινὸν
362 1346 526 1426 ἀπορώτερον
538 1346 575 1404 ἔτι
588 1347 632 1404 καὶ
645 1349 744 1422 μᾶλλον
758 1349 844 1413 αὐτοῖς
858 1347 969 1424 ἐγίνετο,
987 1347 1054 1422 μήτε

232 1453 255 1490 ιο
269 1440 313 1492 τοῦ
328 1440 450 1510 ποταμοῦ
469 1434 516 1504 τήν
530 1440 579 1511 γῆν
594 1435 762 1512 ἐπάρδοντος,
780 1436 808 1491 οὐ
827 1435 878 1514 γάρ
893 1425 969 1506 ηύξε,
987 1433 1054 1508 μήτε

268 1521 354 1589 ὕοντος
371 1528 416 1580 τοῦ
429 1527 501 1594 θεοῦ,
519 1521 641 1600 πρόνοιάν
657 1545 685 1579 τε
703 1521 835 1598 μηδεμίαν
846 1527 945 1581 ἑαυτῶν
961 1526 1006 1579 ὑπ’
1020 1525 1053 1579 ἀ-

268 1611 354 1687 γνοίας
374 1608 567 1686 πεποιημένων,
587 1609 632 1668 καλ
646 1616 690 1668 τοῦ
710 1610 841 1680 Ἰωσήπου
855 1609 899 1669 τὸν
918 1619 989 1668 σῖτον
1008 1609 1052 1667 ἐπὶ

269 1698 405 1778 χρήμασιν
423 1701 510 1766 αὐτοῖς
528 1697 648 1764 διδόντος.
696 1698 742 1764 Ὡς
758 1698 785 1756 δὲ
801 1703 874 1758 ταῦτ’
893 1700 979 1764 αὐτοῖς
993 1697 1053 1755 ἐπέ-

268 1795 342 1860 λιπε,
354 1791 405 1845 τῶν
422 1787 599 1866 βοσκημάτων
611 1789 737 1844 ἐωνοῦντο
748 1787 791 1844 τον
805 1792 875 1846 σῖτον
888 1786 995 1845 καὶτῶν
1007 1787 1051 1843 ἀν·

230 1896 253 1932 ιο
270 1875 415 1956 δραπόδων.
458 1865 505 1941 Οἷς
518 1873 606 1932 δὲκαὶ
617 1879 665 1953 γῆς
677 1899 713 1941 τις
730 1867 761 1946 ήν
775 1880 869 1956 μοῖρα,
884 1874 982 1945 ταύτην
999 1897 1052 1931 πα·

270 1965 399 2043 ρεχώρουν
415 1962 458 2020 ἐπὶ
472 1968 536 2040 τιμῇ
557 1968 661 2044 τρορῆς.
719 1962 798 2022 Οὕτω
816 1987 844 2021 τε
861 1968 906 2020 τοῦ
923 1961 1050 2040 βασιλέως

267 2053 354 2125 πάσης
366 2055 452 2111 αὐτῶν
467 2058 513 2123 τῆς
525 2053 674 2130 περιουσίας
691 2053 779 2132 κυρίου
800 2051 987 2130 γεγενημένου,
999 2074 1046 2126 με·

269 2141 433 2221 τῳκίαθησαν
449 2140 525 2208 ἀλλος
539 2139 688 2220 ἀλλαχόσε,
704 2139 773 2207 ὅπως
785 2140 880 2219 βεύαία
891 2139 999 2217 γένηται
1014 2143 1052 2218 τῷ

269 2230 373 2306 βασιλεῖ
383 2233 429 2299 τῆς
442 2226 530 2306 χώρας
541 2228 639 2286 τούτων
654 2233 671 2298 ἡ
688 2233 794 2299 κτῆσις,
806 2225 874 2296 πλὴν
889 2230 939 2284 τῶν
952 2224 1051 2302 ἱερέων·

226 2334 252 2374 au
266 2316 365 2384 τούτοις
374 2316 423 2396 γάρ
435 2315 523 2392 ἔμενεν
536 2321 552 2388 ἡ
565 2316 640 2398 χώρα
653 2318 748 2376 αὐτῶν.
791 2314 949 2376 Ἐδουλοῦτό
964 2316 988 2372 τ’
1000 2316 1050 2370 αύ-

268 2408 320 2462 τῶν
331 2407 360 2462 οὐ
381 2403 414 2462 cdi
427 2404 538 2481 σώματα
555 2404 632 2480 μόνον
650 2403 679 2461 τό
695 2403 785 2474 δεινόν,
802 2402 869 2462 ἀλλὰ
881 2401 926 2459 καὶ
940 2399 986 2466 τδις
998 2402 1051 2457 δια·

267 2491 351 2564 νοίας,
368 2492 412 2551 καλ
429 2491 458 2549 τὸ
468 2491 558 2550 λοιπον
573 2493 608 2558 εἷς
618 2489 758 2570 ἀσχήμονα
769 2496 814 2562 τῆς
822 2495 917 2569 τρογῆς
926 2487 1050 2568 εὐπορίαν

266 2580 357 2646 αὐτοὺς
371 2579 562 2657 κατηνάγκαζε.
607 2578 783 2659 Λωφήσαντος
799 2577 826 2636 δέ
834 2583 877 2635 τοῦ
892 2583 991 2646 κακοῦ,
1006 2575 1051 2633 καλ

266 2673 312 2726 τοῦ
324 2673 443 2744 ποταμοῦ
457 2666 504 2738 τήν
519 2673 567 2744 γῆν
583 2667 734 2737 ε’πιύάντος,
749 2667 793 2726 καί
807 2666 903 2735 ταύτης
914 2664 975 2730 τούς
985 2687 1050 2745 καρ-

226 2780 252 2820 ac
266 2753 331 2821 πούς
345 2755 459 2836 ἀρθόνως
472 2755 644 2836 ἐκφερούσης,
660 2760 674 2813 δ
687 2755 813 2826 Ἰώσηπος
829 2756 863 2819 είς
874 2751 987 2822 ἑκάστην
1001 2775 1050 2809 πα-

269 2843 434 2922 ραγινόμενος
447 2843 532 2916 πόλιν,
546 2843 592 2902 καί
605 2842 737 2921 συλλέγων
751 2847 777 2899 ἐν
790 2845 879 2908 αὐταῖς
893 2840 922 2898 τό
934 2842 1048 2912 πλῆθος,

264 2929 311 3001 τήν
326 2954 355 3008 γε
366 2935 415 3010 γῆν
430 2933 531 3004 αὐτοῖς,
540 2931 572 3002 ἣν
586 2932 690 2990 ἐκείνων
706 2929 933 3010 παραχωρούντων
947 2932 960 2984 ὁ
972 2933 1049 3006 βασι-

264 3018 322 3085 λεὺς
332 3018 400 3098 ἔχειν
408 3019 514 3078 ἐδύνατο
525 3017 569 3077 καί
581 3026 742 3098 καρποῦσθαι
751 3021 843 3094 μόνος,
858 3020 891 3083 είς
902 3017 974 3073 ἅπαν
984 3019 1049 3095 ἐχα-

268 3105 364 3185 ρίζετο,
388 3105 433 3164 καί
454 3111 542 3182 κτῆμα
560 3106 625 3164 ἴδιον
645 3104 801 3182 ἡγουμένους
816 3106 944 3185 φιλεργεῖν
964 3127 1049 3182 παρε-

225 3219 252 3256 tto
266 3195 355 3265 κάλει,
370 3194 417 3266 τήν
431 3193 555 3268 πέμπτην
566 3198 617 3251 τῶν
627 3199 735 3274 καρπῶν
749 3196 787 3272 τῷ
799 3195 904 3270 βασιλεῖ
913 3196 1050 3255 τελοῦντας

266 3283 330 3362 ύπέρ
346 3288 391 3352 τῆς
401 3283 506 3362 χώρας,
521 3282 554 3354 ήν
569 3282 673 3340 δίδωσιν
686 3285 773 3347 αὐτοῖς
788 3273 868 3339 οὖσαν
878 3284 963 3339 αὐτοῦ.
983 3278 1051 3346 Τοδς

266 3369 294 3429 δὲ
312 3370 375 3448 παρ’
395 3370 502 3437 ἐλπίδας
520 3371 622 3452 κυρίους
637 3375 683 3441 τῆς
697 3375 745 3448 γῆς
759 3367 965 3446 καθισταμένους
978 3368 1050 3448 χαρά

265 3483 293 3516 τε
307 3457 456 3536 ἐλάμόανε,
475 3460 520 3518 καί
537 3459 677 3541 ύρίσταντο
692 3459 725 3516 τδι
744 3457 947 3537 προστάγματα.
997 3457 1051 3518 Καὶ

773 511 1185 591 snxnrouuruapuus.
1208 515 1242 571 a.
1266 513 1359 574 usu.
1382 517 1418 574 n.
1446 533 1450 540 ·

1884 450 1886 485 l

1782 513 1886 602 [νομική

1104 653 1200 701 ειοθιοο
1209 655 1324 714 quantum
1332 655 1446 718 temporis
1452 655 1502 717 jam
1510 656 1616 704 rixbset.
1626 657 1671 706 tito
1683 670 1743 706 raro
1753 662 1883 709 serentum

1101 759 1126 803 et
1136 755 1233 815 triginta
1239 767 1355 805 annorum
1363 770 1416 806 essa
1423 757 1530 819 dicente,
1540 759 1654 808 iacobum
1666 759 1701 808 ob
1711 759 1887 839 longaevitatem

1100 857 1231 908 admiratus
1242 865 1287 909 eat.
1305 864 1387 918 Quum
1398 875 1455 912 vero
1465 863 1606 925 adjecisset,
1618 863 1777 933 semajomm
1790 877 1887 914 suornm

1101 960 1157 1009 vitm
1167 977 1242 1013 annos
1256 979 1304 1012 nou
1318 971 1474 1029 assequutum
1490 981 1557 1030 esse,
1572 969 1724 1018 mumssitei
1741 984 1798 1018 cusu
1809 971 1888 1029 tiberis

1099 1063 1150 1110 suia
1162 1064 1304 1128 Heliopolim
1314 1068 1428 1117 babitare.
1462 1069 1514 1126 iilic
1523 1071 1587 1119 cuiun
1600 1074 1625 1121 et
1645 1074 1711 1133 regis
1723 1079 1835 1134 pastores
1848 1075 1888 1122 ba·

1102 1161 1295 1228 bebantpascua.

1131 1261 1154 1306 7.
1171 1261 1202 1307 at
1219 1259 1294 1310 tames
1309 1263 1427 1326 AEgyptiis
1438 1265 1578 1326 augebatur,
1591 1266 1736 1328 nulumque
1751 1268 1800 1317 illis
1812 1269 1886 1330 magis

1099 1350 1222 1412 ωιςίοηιιο
1243 1353 1434 1414 ingravescebat,
1458 1371 1536 1420 ueque
1554 1357 1627 1407 tinnio
1655 1365 1748 1408 terram
1776 1362 1885 1422 irrigante

1099 1443 1162 1503 (nou
1183 1445 1247 1493 einim
1265 1448 1403 1498 exundabat
1418 1451 1518 1510 Nilus),
1530 1464 1610 1513 neque
1626 1452 1837 1516 pluviacadcute,
1850 1469 1886 1506 ne·

1097 1550 1144 1598 que
1159 1541 1247 1600 populo
1262 1553 1292 1588 ex
1307 1541 1431 1591 inscientia
1451 1545 1489 1592 vel
1507 1545 1631 1594 minimam
1650 1547 1692 1595 sui
1715 1561 1801 1596 curam
1821 1549 1884 1598 adiri·

1098 1626 1181 1687 bente,
1191 1631 1343 1693 Jusepboque
1352 1633 1399 1681 illis
1408 1647 1459 1682 non
1470 1638 1520 1684 utet
1529 1637 1628 1698 pecunia
1639 1642 1770 1688 numerata
1782 1639 1883 1689 trumen-

1098 1722 1149 1768 tum
1157 1720 1237 1770 darrte.
1261 1727 1292 1772 Ut
1304 1729 1386 1774 autem
1395 1727 1488 1774 nuurrni
1498 1727 1598 1778 delicere
1606 1734 1749 1792 ceperunt,
1759 1732 1883 1792 pecoribus

1097 1815 1121 1860 et
1134 1815 1261 1876 mancipiis
1277 1822 1438 1867 commeatum
1450 1825 1568 1871 ememnt
1610 1825 1687 1871 Porro
1696 1827 1723 1872 et
1733 1824 1823 1886 quibus
1834 1827 1880 1886 agri

1097 1913 1207 1973 luerunt,
1217 1915 1264 1964 illis
1272 1915 1401 1976 cedebant,
1412 1923 1439 1965 ut
1448 1919 1588 1968 alimentum
1599 1921 1698 1970 sibimet
1705 1929 1879 1985 compararent.

1096 2011 1226 2072 Quumque
1237 2013 1282 2060 boc
1295 2018 1364 2075 pacto
1373 2028 1456 2064 ornnes
1470 2029 1553 2064 eorum
1565 2019 1729 2079 possessiones
1743 2021 1768 2068 in
1776 2022 1880 2084 jusregis

1096 2103 1263 2168 devenissent,
1275 2110 1334 2158 alius
1343 2110 1389 2159 alio
1399 2112 1501 2172 migrare
1515 2113 1577 2174 jussi
1596 2120 1667 2175 sunt,
1685 2118 1713 2165 ut
1729 2116 1779 2178 regi
1791 2118 1877 2166 certius

1096 2211 1242 2254 accresceret
1255 2205 1389 2256 dominium
1404 2210 1428 2257 iu
1445 2209 1531 2259 tuudos
1542 2212 1642 2260 istorum
1654 2213 1781 2275 omnium,
1793 2220 1876 2278 preter

1096 2307 1248 2356 sacerdotum
1254 2325 1261 2369 ς
1272 2309 1311 2358 bis
1319 2310 1384 2358 enim
1394 2323 1437 2360 stru
1448 2317 1588 2361 conservata
1596 2317 1634 2362 est
1643 2318 1714 2363 terrae
1725 2314 1811 2376 portio.
1827 2316 1877 2362 Into

1097 2405 1147 2452 dira
1157 2405 1209 2453 trac
1220 2390 1350 2455 necessitas
1362 2421 1409 2456 non
1418 2421 1518 2471 corpora
1527 2409 1606 2458 solum
1616 2411 1728 2472 illorum,
1739 2412 1782 2462 scd
1796 2415 1821 2462 et
1830 2412 1875 2459 ani·

1096 2515 1148 2550 mos
1157 2505 1181 2552 in
1193 2505 1335 2553 servitutem
1351 2505 1457 2567 redegit,
1467 2510 1492 2555 et
1505 2507 1592 2557 duodo
1603 2507 1634 2556 ad
1643 2510 1739 2560 rictam
1754 2509 1831 2560 modis
1840 2512 1871 2559 in·

1098 2603 1204 2652 lintrestis
1220 2603 1350 2664 parandum
1360 2619 1401 2654 eos
1412 2607 1536 2667 compulit.
1579 2609 1652 2656 Fame
1665 2616 1746 2660 aarum
1756 2585 1872 2677 οοοαιιιίο,

1095 2707 1118 2750 et
1127 2701 1201 2750 tlurio
1212 2707 1299 2750 terram
1308 2701 1453 2762 inundante,
1462 2703 1601 2767 fructusque
1608 2719 1635 2754 ea
1646 2708 1767 2758 uberrime
1775 2709 1870 2770 tuente,

1095 2800 1215 2862 loscplrus
1228 2800 1258 2848 ad
1269 2814 1463 2863 unamquamque
1472 2801 1530 2851 adiit
1538 2803 1675 2868 civitatem,
1684 2807 1784 2870 ejusque
1792 2808 1872 2870 popolo

1097 2903 1241 2955 mritocato,
1256 2897 1356 2947 eandem
1368 2901 1469 2958 terram,
1481 2913 1554 2964 quana
1569 2901 1616 2950 illis
1627 2904 1769 2954 cedentibus
1784 2919 1824 2954 rex
1840 2907 1868 2953 si·

1096 2993 1170 3043 tuimet
1182 2995 1311 3047 vendicare
1323 2999 1435 3060 solusque
1452 3013 1482 3048 eu
1494 2999 1541 3048 trui
1552 3003 1659 3063 poterat,
1675 3004 1703 3053 in
1712 3005 1825 3066 integrum
1834 3005 1866 3053 eis

1095 3097 1212 3156 restitnit;
1223 3102 1247 3146 et
1264 3097 1372 3144 nortatus
1387 3104 1425 3144 est
1435 3102 1462 3144 ut
1473 3097 1538 3146 illam
1551 3113 1595 3160 pro
1609 3102 1708 3163 propria
1718 3103 1827 3152 babentes
1835 3115 1869 3150 οο

1099 3193 1147 3241 lere
1159 3206 1207 3241 non
1225 3194 1391 3252 grauarentur,
1403 3191 1512 3252 quintam
1524 3192 1645 3242 fructuum
1657 3196 1718 3256 Regi
1733 3197 1870 3260 pensitantes

1095 3307 1139 3355 pro
1159 3298 1233 3352 terra,
1255 3292 1502 3353 quatu,1uresuam,
1520 3293 1566 3341 itlis
1582 3294 1701 3345 concedit.
1739 3295 1785 3354 Qui
1800 3308 1869 3356 qnnrn

1097 3389 1218 3451 insperato
1231 3400 1284 3436 sese
1293 3399 1404 3449 aprorum
1415 3385 1525 3443 dominos
1533 3388 1610 3438 tactus
1621 3390 1753 3453 vidissent,
1764 3390 1869 3453 gandium

1094 3489 1248 3547 acceperuut,
1258 3490 1282 3532 et
1292 3483 1321 3532 ad
1339 3483 1450 3532 mandata
1461 3489 1558 3534 strenue
1573 3487 1728 3548 exsequenda
1741 3492 1814 3536 semet
1829 3499 1865 3533 ac·

265 3546 349 3627 τούτῳ
375 3551 412 3626 τῷ
438 3547 576 3628 οοοοῳοο
594 3572 622 3606 οο
643 3546 746 3625 οοίίοοίοο
759 3546 789 3604 το
807 3546 880 3626 m?at
893 3555 946 3614 τοῖς
962 3549 1051 3624 οοίο·
1095 3579 1228 3628 cinseruut.
1266 3582 1358 3639 litque,
1376 3577 1414 3625 bis
1431 3577 1503 3626 rebus
1519 3579 1605 3639 gestis,
1622 3593 1678 3628 cum
1694 3580 1792 3643 losepbi
1810 3579 1867 3628 iuter

227 3659 253 3696 as
265 3635 348 3700 πτίοις
361 3637 432 3712 αὐτῷ
444 3634 666 3712 μεῖζονἸώσηπος
673 3637 858 3716 ἀπεργάζεται,
868 3633 912 3693 καί
925 3633 1008 3692 πλείω
1021 3656 1050 3710 γε

266 3721 314 3793 τήν
329 3721 429 3780 εύνοιαν
442 3727 479 3804 τῷ
493 3725 595 3801 βασιλεῖ
609 3728 672 3804 παρ’
683 3727 778 3782 αὐτῶν.
822 3721 860 3784 Ὅ
872 3747 900 3781 τε
911 3729 955 3782 τοῦ
965 3727 1049 3781 τελεῖν

267 3809 314 3881 τήν
329 3809 453 3887 πέμπτην
468 3815 519 3868 τῶν
534 3815 642 3890 καρπῶν
657 3811 733 3888 νόμος
746 3810 831 3887 ἔμεινε
847 3811 891 3870 καί
906 3809 985 3891 μέχρι
998 3835 1049 3868 τιον

266 3895 380 3978 ὑστέρουν
399 3897 537 3976 βασιλέοιν.

580 4020 670 4078 ΚΕΦ.
693 4017 739 4077 ll'.

211 4147 213 4164 ⁵
306 4160 431 4228 Ἰάκωόος
442 4161 486 4237 δὲ,
499 4160 721 4220 ἑπτακαιδέκατον
736 4158 791 4226 ἔτος
805 4161 831 4216 ἐν
848 4158 977 4237 Αἰγύπτῳ
995 4159 1048 4214 δια·

226 4275 254 4312 ιο
268 4250 374 4331 τρίψας,
398 4249 443 4308 καί
462 4246 531 4329 νόσῳ
551 4249 731 4328 χρησάμενος,
750 4247 886 4326 παρόντων
907 4249 979 4324 αὐτῷ
998 4249 1049 4302 τῶν

268 4340 330 4396 υίῶν
345 4338 482 4408 ἀπέθανεν,
497 4336 668 4413 ἐπευξάμενος
686 4344 739 4402 τοῖς
757 4335 805 4412 μὲν
824 4338 916 4405 κτῆσιν
936 4336 1050 4408 ἀγαθῶν,

1095 3682 1219 3742 AEpyptios
1228 3681 1366 3740 auctoritas,
1383 3686 1434 3729 turn
1444 3679 1540 3728 illorum
1553 3693 1608 3742 erga
1620 3694 1699 3742 regem
1713 3678 1869 3731 benevolentia

1016 3814 1032 3826 .
1095 3790 1143 3826 non
1155 3776 1308 3824 mediocriter
1323 3775 1409 3825 crevit
1443 3775 1533 3836 illaque
1548 3775 1645 3838 quintas
1658 3775 1753 3840 trogum
1768 3771 1868 3824 solvendi

1094 3873 1239 3925 cousuetudo
1248 3873 1279 3922 ad
1290 3887 1357 3922 aeros
1370 3875 1524 3937 insequentes
1532 3888 1629 3938 quoquc
1642 3887 1710 3936 reges
1720 3873 1853 3939 permansit.

1387 4007 1471 4066 cat).
1494 4008 1575 4067 Vlll.

1124 4159 1228 4208 lacobus
1236 4163 1332 4214 annui.
1344 4171 1419 4221 quum
1428 4171 1518 4208 annunt
1530 4159 1651 4211 decimum
1660 4163 1787 4225 septimum
1802 4161 1825 4209 in
1834 4161 1868 4209 ὣ·

1094 4255 1166 4314 gypto
1177 4253 1308 4313 exegisset,
1320 4256 1345 4301 et
1355 4251 1440 4302 morbo
1451 4251 1593 4314 laborasset,
1605 4253 1629 4302 ln
1636 4261 1762 4317 conspectu
1773 4253 1868 4303 tiliorum

1094 4344 1169 4393 culta
1183 4346 1299 4401 excessit,
1313 4345 1379 4407 prius
1393 4343 1490 4407 quidem
1506 4344 1553 4394 illis
1568 4345 1686 4396 felicitatis
1700 4346 1868 4410 possessionem

266 4425 311 4484 καὶ
324 4425 455 4505 arpocration
470 4429 556 4491 αὐτοῖς
570 4424 638 4484 κατὰ
647 4423 808 4505 πρθθηΐῑίαο
825 4426 879 4486 πῶς
892 4420 983 4497 l‘ffl‘t
998 4425 1050 4480 τῶν
1095 4441 1246 4502 precatus,et
1253 4454 1320 4490 more
1326 4441 1465 4504 prophetico
1475 4441 1686 4504 νοιίοίοοιυε,ηιιο
1696 4441 1768 4491 modo
1775 4438 1875 4502 singulo·

267 4517 296 4571 ἐκ
310 4517 356 4585 τῆς
365 4523 454 4591 γενεᾶς
464 4516 548 4572 αὐτῶν
561 4511 670 4579 ἕκαστος
684 4517 813 4570 κατοικεῖν
825 4508 872 4578 τήν
888 4509 1050 4568 Χαναναίαν·

1095 4545 1149 4582 rum
1161 4532 1250 4594 posteri
1261 4537 1348 4582 terram
1360 4533 1519 4583 chananeam
1530 4533 1659 4583 habitaturi
1674 4535 1771 4594 esseut(
1776 4529 1799 4581 id
1808 4526 1868 4593 quud

267 4607 342 4659 οοοοο
354 4601 385 4671 οολ
397 4601 441 4659 οοοο
449 4601 554 4666 πολλοῖς
564 4599 669 4678 οοοοοοο
679 4599 780 4677 λοοοοοο
796 4595 905 4675 οίοοοοο
918 4595 1050 4666 Ἰοοοοίοοο
1096 4629 1164 4692 longo
1175 4634 1229 4691 post
1238 4633 1345 4692 tempore
1354 4631 1442 4679 tactum
1451 4633 1512 4692 est),
1522 4633 1621 4696 tusepbt
1631 4646 1688 4683 uero
1704 4633 1811 4683 laudibus
1819 4642 1866 4691 per·

228 4710 254 4749 tu
268 4689 289 4745 δ’
298 4687 426 4766 ἐγκώμιον
438 4687 580 4760 διεξελθὼν,
592 4688 632 4745 ότι
643 4685 679 4764 μή
695 4684 899 4764 μνησικακήσειε
911 4685 962 4751 τοῖς
974 4686 1050 4789 ἀδελ·
1095 4725 1206 4784 censius,
1222 4723 1287 4785 quod
1307 4737 1358 4773 mm
1376 4725 1460 4774 solum
1481 4725 1637 4776 ‘mmmm
1657 4727 1794 4790 injuriarum
1811 4723 1867 4772 obli·

268 4783 337 4854 quic,
355 4773 422 4832 ἀλλά
442 4775 486 4833 καί
502 4773 594 4833 τούτου
612 4775 690 4832 πλέον
705 4771 819 4852 χρηστός
839 4772 874 4838 εἰς
889 4769 980 4837 αὐτοὺς
994 4775 1051 4850 ἐγε-

705 4797 711 4806 a

717 4841 724 4852 u

999 4859 1006 4874 1

454 4861 460 4882 ι
578 4865 586 4884 ,
620 4861 629 4886 ς
674 4863 682 4884 τ
748 4861 760 4875 κ
863 4857 901 4879 τοι
933 4859 956 4892 η,

269 4885 340 5014 ᾜζξ
347 4863 661 5028 ἧδὲἒρρῖἱῗῗοενοτξρζζῖζζὲε
668 4849 1052 5018 220?AEoffcnzttssttissffitogz
1096 4917 1143 4968 ista
1153 4919 1200 4967 illis
1208 4919 1269 4968 bona
1280 4919 1447 4981 accumulans,
1458 4933 1513 4982 quas
1522 4921 1629 4968 nonrmlli
1638 4921 1676 4969 rix
1687 4916 1865 4970 benefactoribus

275 4991 282 5005 .
368 5005 372 5024 ,
499 4994 506 5020 ,
589 4993 600 5005 .

271 5037 400 5108 Ἰωσήπου
413 5041 508 5104 παῖδας
519 5033 670 5117 Ἐρραίμην
684 5037 728 5095 καί
741 5039 888 5105 Μανασσῆν
899 5037 933 5101 εἷς
945 5034 989 5092 τὸν
1004 5037 1052 5091 αύ-

1095 4821 1235 4880 vinceretur,
1246 4820 1288 4869 scd
1299 4825 1324 4870 et
1333 4835 1362 4870 οο
1369 4822 1453 4883 nrnjuri
1462 4821 1516 4872 illos
1525 4828 1708 4886 prosequeretur
1717 4821 1865 4885 mauguinus.

1097 5016 1147 5065 suis
1160 5015 1328 5077 rependerent,
1341 5003 1465 5064 mandant
1481 5015 1535 5064 liliis
1549 5017 1613 5077 suis,
1634 5022 1660 5066 ut
1674 5016 1772 5083 losepbi
1786 5013 1865 5062 liberos

230 5153 257 5190 ω
270 5127 313 5184 τὸ,
330 5125 439 5202 ἀργομὸ,
452 5127 615 5202 προσῶντα,,
635 5125 809 5204 δγαῳούμενω
825 5123 881 5200 μετ’
901 5126 986 5181 αὐτῶν
1004 5121 1052 5194 τὴν
1096 5113 1240 5175 Epluairucn
1251 5118 1275 5160 et
1286 5115 1410 5161 blanasseu
1420 5112 1445 5160 in
1461 5126 1670 5162 suumuumernm
1682 5116 1864 5169 recensitum

273 5213 436 5286 Katoaneites,
451 5212 511 5292 arpi
523 5203 559 5270 ὧν
569 5211 675 5290 ὕστερον
688 5215 806 5292 ἐροῦμεν·
820 5211 893 5283 ἠξίου
906 5210 994 5288 μέντοι
1007 5213 1053 5270 χαὶ
1097 5211 1133 5259 eis
1141 5209 1240 5258 divisuri
1248 5211 1407 5259 ctrauauaaam
1416 5209 1550 5272 (dequibus
1557 5209 1792 5273 postealoquenuu),
1801 5215 1865 5268 popu·

274 5305 358 5384 ταγῆς
373 5303 399 5359 ἐν
416 5299 537 5380 Χεύρῶνι
553 5297 701 5376 τυγχάνειν,
742 5302 860 5380 Τελευτᾷ
875 5297 901 5356 δέ
920 5299 990 5380 βιοὺς
1008 5299 1054 5372 ἐτη
1099 5307 1189 5368 scitque
1207 5307 1277 5356 sinaut
1299 5309 1327 5356 ut
1345 5304 1506 5356 inclrebrone
1525 5307 1671 5369 sepeliretur.
1714 5310 1816 5357 ltnrtuus
1832 5303 1863 5346 eu
