3859 6084
547 463 674 535 Antio.
695 460 777 522 tob.
800 460 872 519 tta.
892 460 974 520 xvi.
996 462 1074 520 CAP.
1097 460 1132 519 ll.

55 605 182 686 βασιλείαν
197 604 284 661 αὐτοῦ
306 600 441 680 παρελθεῖν
459 596 504 656 καῖ
525 605 614 677 τυχεῖν
632 586 668 653 ὧν
685 593 737 653 ἔδει
756 591 830 674 παρδι
878 602 943 651 lebat
954 602 1017 665 apud
1030 603 1145 666 lrospitem
1157 608 1182 651 et
1193 603 1295 651 amicum
1308 606 1422 651 uteretur.
1455 606 1485 653 lit
1496 604 1535 653 illa
1546 604 1655 667 quidem,

54 695 136 773 ἀνδρὸς
156 688 291 760 ίίνουκαῖ
305 687 391 767 φίλου·
432 687 557 751 Κάκεῖνος
574 682 622 759 μὲν
635 681 704 750 ῑίίθς
716 684 834 760 λιπθῑθῶς
878 720 954 769 quum
964 708 1061 757 instaret
1072 712 1210 769 urgeretque
1224 706 1456 769 Herodes,annnit,
1471 714 1495 758 et
1506 710 1530 758 in
1546 708 1655 761 lardaeam

55 768 411 948 Ξζζᾞζὲυάᾗῃιὲξςῗ
433 769 707 924 ἶεουτδὲίῖζιξὲῗζίδοῖ
721 765 835 913 aggii:
878 810 1053 873 proleclusest.
1086 814 1161 872 Atque
1170 809 1274 858 Herodes
1284 810 1355 870 nlbil,
1368 810 1461 873 quodsi
1472 812 1657 875 placerel‚omi-

55 952 239 1030 θποδεγάμενος
253 949 336 1007 αύτθν
348 946 394 1005 καί
407 946 474 1023 μετά
483 950 529 1004 τοῦ
543 944 590 1011 rte
602 946 766 1009 κατασκευὰς
777 946 835 1001 ἀπι-

58 1040 178 1098 δεικνύναι
199 1045 298 1095 πᾶσαν
321 1034 466 1092 ἀπόλαυσιν
484 1032 584 1102 διαίτης
603 1031 649 1089 καί
668 1029 835 1095 πολυτελείας

59 1124 215 1194 ἐξαλλάττων
237 1125 315 1201 αὐτῷ
330 1121 375 1180 καὶ
390 1121 443 1186 τοῖς
458 1119 553 1199 φίλοις,
567 1118 593 1175 ίν
606 1142 633 1175 τε
648 1122 679 1195 τῇ
693 1117 835 1195 Σεάασπῇ,
878 1120 970 1169 ciarum
988 1123 1012 1168 et
1029 1119 1209 1180 magnificandae
1232 1122 1372 1183 apparatum
1394 1121 1524 1183 exbibens,
1548 1128 1574 1171 et
1593 1125 1656 1187 apurl

60 1216 97 1273 καί
114 1210 266 1289 Καῑσαθῑίθ
286 1208 349 1290 ²⁸⁸?l
364 1208 408 1266 τὸ*
425 1206 519 1284 λιθίνα
536 1205 580 1264 τὸ*
595 1207 640 1264 ὑπ’
662 1208 740 1264 αὐτοῦ
757 1228 835 1263 ²⁸³⁸·
880 1224 1041 1287 sebasten,ct
1051 1228 1185 1275 cesaream
1200 1228 1223 1274 in
1234 1232 1303 1288 portu
1317 1239 1366 1276 asa
1376 1229 1513 1287 exstructo,
1529 1232 1553 1277 et
1564 1228 1588 1277 ln
1600 1242 1656 1291 pro-

59 1300 242 1375 σεενασμένον,
255 1300 309 1357 κάν
326 1297 378 1362 τοῖς
391 1294 535 1375 ίρύμασιν,
552 1293 569 1350 θ
587 1294 696 1358 πολλαῖς
709 1291 836 1358 δαπάναις

826 1376 832 1397 t

59 473 178 555 W„
1431 461 1554 540 pann]
1597 472 1654 523 en

879 916 924 974 sit,
937 920 962 965 ct
972 914 996 964 in
1008 914 1102 977 oppidis
1113 928 1193 963 recens
1213 914 1316 964 conditis
1332 929 1388 965 eum
1404 917 1540 979 excipiens,
1551 917 1657 981 dumque

879 1016 980 1066 mdillcla
989 1016 1141 1077 ostenderet,
1152 1017 1196 1079 ipsi
1208 1018 1308 1079 eiusque
1322 1019 1406 1067 amicis
1420 1032 1491 1069 omne
1502 1032 1578 1082 genus
1595 1020 1655 1071 dcli·

880 1330 1019 1393 pugnaculis
1031 1329 1112 1379 itidem
1125 1344 1138 1377 a
1150 1344 1175 1379 ae
1185 1330 1267 1379 multis
1279 1330 1414 1392 sumptibus
1424 1330 1547 1393 excitatis,
1558 1333 1657 1381 Alexan·

48 1387 248 1468 ιέξῳκοδάμησεν
258 1431 267 1458 ,
278 1384 311 1443 τό
327 1408 355 1443 τε
375 1379 570 1462 Ἀλεξάνδρειον
579 1380 624 1439 καί
638 1379 777 1460 Ἡρώδειον
791 1399 836 1434 και

61 1476 100 1544 τὴν
112 1473 270 1554 Ὑρκανίαν.
316 1463 388 1548 Ἦγι
408 1471 435 1529 δὲ
461 1477 505 1527 καὶ
524 1471 560 1535 εἰς
572 1468 620 1538 τὴν
632 1468 707 1526 πολιν
721 1470 772 1523 τῶν
786 1462 836 1523 Ἱε·

64 1564 243 1642 ροοολνμιτῶν,
259 1556 427 1623 ὑπαντῶντός
441 1561 527 1614 τετοῦ
541 1555 625 1631 δήμου
639 1553 734 1619 παντὸς
745 1556 772 1611 ἀν
785 1555 837 1629 ίορ·

62 1652 126 1708 ’τώδει
139 1652 219 1728 στολῇ
232 1650 281 1708 καὶ
300 1647 442 1727 δεχομένου
456 1648 500 1703 τὸν
515 1646 597 1723 ἄνδρα
618 1644 665 1701 σὺν
686 1639 835 1721 εὐφημίαις·

64 1737 195 1815 Ἀγρίππας
209 1735 238 1795 δὲ
252 1739 293 1815 τῷ
309 1737 371 1813 Θεῷ
391 1732 438 1810 μίν
454 1722 602 1808 ίκατύμὸην
621 1730 775 1799 κατέθυσεν,
799 1730 837 1786 εί·

48 1825 114 1881 imin
124 1822 150 1881 δὲ
159 1823 204 1880 τὸν
214 1824 319 1899 δῆμον,
332 1819 431 1885 ούδενθς
442 1823 493 1876 τῶν
504 1817 633 1894 μεγίστων
644 1815 737 1886 πλήθει
748 1813 838 1873 λιιπόι

67 1933 138 1987 μενος.
178 1910 270 1977 Αθτδς
289 1908 336 1979 δὲ,
348 1907 407 1966 ὅσον
426 1906 470 1964 ἐπί
487 1908 525 1986 τῷ
544 1907 601 1963 καθ’
622 1902 717 1975 ἡδονὴν
737 1901 786 1961 κάν
799 1900 837 1959 ἔτι

67 1998 157 2063 πλείους
175 1998 317 2074 ἐπιμείνας
336 1994 450 2075 ἡμέρας,
469 1992 512 2051 διδι
533 1992 576 2051 τθν
594 1990 684 2071 καιρὸν
704 1989 836 2066 ἠπείγετο·

66 2086 100 2142 τὸν
114 2085 162 2165 γάρ
175 2088 275 2156 πλοῦν,
291 2082 469 2147 ἐπιθαίνοντος
482 2085 527 2139 τοῦ
541 2082 680 2159 χειμῶνος,
693 2080 740 2135 ούκ
751 2077 838 2152 ἐνόμι-

67 2178 99 2239 ζιν
109 2175 210 2253 ἀσφαλῆ
224 2168 395 2252 κομιζομίνῳ
413 2167 492 2226 πάλιν
507 2167 532 2235 ἐξ
546 2167 661 2244 ἀνάγκης
673 2167 707 2231 εἰς
717 2165 765 2235 τὴν
778 2163 837 2223 Ἰω-

48 2260 124 2319 ινίαν.

101 2348 156 2426 (Γ.)
169 2347 203 2427 β’.
215 2347 339 2411 Ἐκεῖνος
347 2342 394 2421 μὲν
404 2334 447 2401 obv
459 2342 579 2415 ἀπέπλει,
585 2342 694 2408 πολλαῖς
704 2337 779 2397 αὐτὸν
788 2339 839 2395 δω-

72 2444 128 2511 ρεαῐς
146 2432 319 2513 τετιμηκότος
337 2431 456 2511 Ἡρώδου
470 2431 516 2490 καί
528 2428 575 2489 σύν
589 2432 659 2508 αὐτῷ
677 2426 737 2493 τοὺς
751 2430 838 2497 ἐπιση-

72 2522 189 2593 μοτάτους.
230 2522 267 2582 Ὁ
280 2521 309 2579 δὲ
325 2517 460 2600 βασιλεὺς,
471 2516 602 2597 χειμάσας
613 2518 639 2572 ἐν
653 2519 706 2580 τοῖς
718 2512 836 2583 οἰκείοις,

72 2608 133 2688 ἔαρος
143 2610 265 2687 ἠπείγετο
284 2611 421 2686 συντυχεῖν
435 2608 520 2685 αὐτῷ,
537 2602 585 2674 τὴν
603 2606 638 2668 εἰς
655 2602 787 2677 Βόσπορον
806 2603 839 2657 εἰ·

48 2696 113 2762 *idac
128 2697 261 2777 στρατείαν
281 2694 473 2775 προῃρημένον·
488 2692 533 2750 καί
547 2688 662 2756 πλεύσας
683 2688 726 2746 διὰ
740 2688 835 2747 Ῥόδου

75 2784 111 2839 καὶ
124 2789 167 2844 Ab
179 2784 329 2865 προσίσχεν
339 2782 398 2861 περί
409 2778 521 2854 Λέαύον,
534 2778 648 2853 οἰόμενος
659 2780 711 2835 ἐκεῖ
725 2774 839 2845 καταλή-

75 2874 154 2948 ψεσθαι
166 2874 208 2931 τὸν
220 2874 380 2953 Ἀγρίππαν.
423 2869 497 2927 Ἐκεῖ
511 2866 538 2924 δὲ
557 2864 634 2923 αὐτὸν
655 2863 836 2939 ἀπολαμύάνει

75 2964 163 3035 πνεῦμα
178 2960 292 3040 βόρειον,
304 2950 389 3039 εἶργον
402 2955 451 3025 τὴν
467 2952 606 3031 ἀναγωγὴν
621 2956 673 3009 τῶν
691 2954 763 3008 νεῶν.
806 2948 839 3009 ‘0

76 3044 92 3099 δ’
101 3048 260 3126 ἐπιδιέτριὸεν
272 3046 374 3125 ἡμέρας
387 3042 489 3108 πλείους
506 3045 532 3099 ἐν
545 3047 577 3118 τῇ
592 3039 663 3119 Χίῳ,
673 3038 718 3096 καί
730 3036 840 3103 πολλοῖς

49 3129 162 3202 θμὲντιῖιν
169 3134 327 3213 προσίσντων
334 3135 405 3208 αύτῷ
413 3125 756 3203 δεξιούμενοςάνελάμθανεν
764 3129 837 3202 βασι-

75 3218 146 3286 λιταῖς
155 3223 278 3302 δωρεαῖς,
290 3223 372 3291 αὐτῆς
384 3217 411 3277 δὲ
424 3223 471 3287 τῆς
487 3216 585 3281 πολεως
599 3214 659 3273 ἰδών
672 3220 839 3271 πεπτωκυῖαν

77 3304 149 3377 voda,
163 3309 207 3381 (ἣν
222 3314 249 3367 ἐν
262 3314 302 3388 τῷ
317 3308 496 3386 Μιθριδατικῷ
507 3301 616 3382 πολέμῳ
629 3304 838 3378 καθαιρεθεῖσαν,

78 3392 116 3469 οὐχ
127 3394 210 3477 ὥσπερ
219 3396 253 3454 τδι
266 3397 336 3455 ἄλλα
353 3394 395 3451 δεδι
409 3395 515 3470 μέγεθος
529 3392 572 3449 καί
589 3390 683 3455 κάλλος
697 3392 840 3457 ἀναστῆναι

80 3479 151 3555 ῥᾴδιον
162 3474 214 3561 {nl
222 3485 350 3563 χρήματα
362 3480 419 3548 δοθς
433 3478 492 3539 θ’σον
504 3479 541 3557 μὴ
550 3478 626 3555 μόνον
634 3480 764 3555 ἐπαρκεῖν,
772 3474 839 3532 ἀλλά

51 3566 114 3622 Μαί
124 3570 275 3648 περιττεύειν
299 3570 406 3628 ἐδύνατο
421 3568 484 3647 πρὸς
498 3568 545 3639 τὴν
566 3564 713 3624 συντέλειαν
730 3568 774 3621 τοῦ
791 3586 838 3619 κα·

79 3656 289 3734 τισκευάσματος,
304 3658 448 3716 ἐνετέλλετο
463 3654 501 3732 μὴ
515 3662 653 3733 περιορᾶν,
666 3651 735 3708 ἀλλά
749 3657 839 3708 θᾶττον

82 3740 187 3821 ἀγείρειν,
209 3745 433 3811 ἀποκαθιστάντας
451 3768 485 3823 τγ,
504 3744 578 3801 πολει
594 3744 637 3800 τὸν
652 3741 717 3797 ἴδιον
730 3739 838 3814 κόσμον.

80 3829 149 3897 Ab&
162 3832 188 3889 δὲ
199 3834 322 3905 λήξαντος
334 3839 379 3892 τοῦ
397 3833 544 3909 πνεύματος
561 3834 596 3895 εἰς
614 3827 765 3899 Μυτιλήνην
788 3829 838 3884 κά-

81 3919 150 3975 κεῖθεν
164 3923 197 3987 εἰς
215 3924 354 3992 Βυζάντιον
363 3918 586 3999 παρακομισθείς,
601 3920 635 3981 ιὐς
646 3916 756 3985 ἤκουσεν
771 3912 840 3977 ε’ντθς

54 4003 188 4064 θίίιιςινειῗιν
203 4009 253 4080 ἤδη
265 4007 439 4068 πεπλευκέναι
461 4004 504 4065 τδν
521 4004 680 4082 Ἀγρίππαν,
698 3999 839 4076 μετέσπευ·

82 4086 114 4143 δῖ’
125 4094 156 4157 td<
168 4097 231 4166 ἐνῆν.
272 4094 393 4175 Καὶπερῖ
402 4092 525 4164 Σινώπην
536 4092 583 4161 την
594 4092 621 4147 ἀν
631 4092 669 4168 τῷ
685 4088 778 4165 Ιίύντῳ
791 4111 839 4145 κα·

81 4174 185 4236 zutribe
199 4181 389 4261 ἀπροσδόκητος
410 4178 457 4256 μὲν
475 4178 549 4258 ὤφθη
567 4178 623 4242 ταῖς
642 4175 732 4232 ναυσίν
758 4197 839 4253 προσ-

83 4259 168 4345 alins,
185 4270 300 4345 ἀσμένως
320 4268 347 4327 δὲ
366 4268 464 4350 ίφάνη,
482 4263 579 4324 πολλαί
602 4286 629 4319 τε
646 4261 839 4343 ριλοφρονήσεις

84 4346 150 4419 ἦσαν,
166 4351 290 4414 ὥστεκαὶ
306 4354 432 4431 μεγίστην
448 4354 537 4411 πίστιν
551 4348 684 4429 εἰληφέναι
707 4351 839 4414 δοκοῦντος

57 4443 76 4481 ⁴³
86 4433 166 4503 εὐνοίας
177 4441 219 4498 καῖ
235 4443 415 4523 φιλοστοργίας
436 4445 480 4511 τῆς
494 4442 528 4505 είς
541 4438 584 4497 τὸν
604 4436 679 4494 αὐτὸν
693 4435 838 4513 Ἀγρίππα,

84 4528 187 4582 τοσοῦτον
200 4528 245 4604 μὲν
257 4533 338 4589 πλοῦν
349 4530 488 4594 ἀνύσαντος
497 4532 542 4585 τοῦ
556 4523 699 4604 βασιλέως,
712 4526 759 4581 οὐκ
771 4526 838 4583 ἀπο-

85 4602 210 4685 λειφθέντος
221 4616 246 4675 δὲ
258 4624 304 4689 τῆς
313 4616 410 4675 ἐκείνου
421 4614 527 4695 χρείας,
541 4613 574 4683 ἢν
589 4610 655 4688 μετά
670 4616 715 4669 τοῦ
735 4615 839 4669 καταλι-

87 4700 133 4748 πεῖν
145 4700 221 4778 ἀρχὴν
243 4706 287 4764 καὶ
305 4704 429 4775 διοίκησιν
444 4701 544 4761 οἰκείων
565 4698 728 4779 πραγμάτων
742 4701 837 4779 προῦρ-

87 4781 199 4861 lturre‘pan
213 4790 290 4852 ἔθετο.
332 4794 389 4851 Πᾶν
403 4797 465 4869 γοῦν
485 4782 516 4861 ἦν
531 4790 601 4867 αὐτῷ
616 4784 684 4844 κατά
702 4786 748 4857 τὴν
761 4808 838 4865 στρα-

60 4865 147 4922 ωῖῑῖαν
166 4871 286 4954 Ἡρώδης,
306 4879 332 4938 ἔν
357 4902 386 4937 τε
404 4887 457 4944 τοῖς
481 4876 671 4957 πραγματικοῖς
697 4897 837 4953 συναγωνι-

89 4948 141 5020 wil
157 4961 197 5017 καί
214 4974 263 5033 τοῖς
283 4965 352 5025 κατδι
373 4966 449 5045 με’ρος
471 4962 631 5041 σύμθουλος,
652 4960 715 5032 ἡδθς
738 4959 765 5019 δὲ
789 4962 837 5018 κάν

89 5044 136 5102 ταῖς
153 5044 261 5124 ἀνέσεσι,
282 5053 327 5112 καῖ
353 5052 428 5129 μόνος
450 5049 572 5108 ἁπάντων
597 5048 729 5118 κοινωνὸς,
754 5049 837 5126 ὀχλη-

92 5123 132 5221 ἓῶ*
148 5131 188 5202 pb
204 5136 242 5194 bl
262 5140 308 5211 τὴν
329 5138 445 5214 εὔνοιαν,
463 5136 546 5208 ἡδίων
571 5135 597 5194 δὲ
616 5135 658 5193 διά
680 5136 726 5205 τὴν
748 5134 835 5209 τιμήν.

101 5208 133 5273 Ως
145 5214 164 5270 θ’
172 5222 248 5293 αὐτοῖς
261 5227 431 5309 κατείργαστο
445 5225 489 5283 καί
503 5227 535 5282 ri
547 5222 605 5302 περὶ
620 5223 664 5280 τὸν
677 5224 788 5295 Πόντον,
801 5214 837 5280 ὧν

879 1433 932 1483 drio
949 1438 974 1483 et
990 1434 1092 1484 llerodio
1108 1435 1133 1483 et
1149 1434 1274 1496 Hyrcania.
1308 1436 1384 1485 Etiam
1403 1436 1427 1484 in
1448 1436 1531 1485 nrbcnr
1548 1436 1657 1487 llieroso·

880 1536 1019 1599 lymitarum
1029 1548 1084 1585 eurn
1094 1535 1177 1594 duait,
1188 1536 1229 1585 nbi
1238 1537 1259 1585 ei
1274 1536 1378 1599 populus
1389 1536 1484 1596 obuiam
1497 1536 1558 1587 lesio
1569 1538 1657 1589 vestitu

880 1640 982 1703 prodiit,
991 1640 1123 1703 inustisque
1132 1640 1342 1691 acclamationibus
1353 1652 1408 1689 enm
1420 1641 1519 1702 excepit
1554 1644 1658 1706 Agrippa

880 1748 959 1793 antem
972 1746 1023 1793 beo
1032 1746 1128 1793 centrum
1139 1742 1212 1792 bores
1228 1742 1361 1793 immolarit
1371 1780 1378 1805 ,
1390 1745 1415 1794 et
1424 1744 1513 1807 populo
1521 1744 1657 1793 convivium

881 1847 997 1911 praeboil,
1019 1848 1108 1897 nemini
1124 1860 1204 1897 rerum
1221 1848 1408 1898 lautissinrarnm
1427 1848 1494 1913 eopia
1509 1848 1603 1899 οεδοιιε.
1635 1852 1659 1901 ts

882 1963 953 2011 uero,
963 1957 1079 2014 quantum
1091 1950 1121 1999 ad
1137 1950 1319 1999 oblectationem
1332 1952 1402 2001 etiam
1420 1952 1499 2015 plures
1514 1951 1593 2001 adbuc
1605 1952 1658 2003 dies

882 2068 1021 2115 mansurus,
1042 2060 1137 2119 propter
1149 2054 1203 2102 anni
1222 2056 1316 2116 tempus
1341 2054 1468 2104 lestinabat
1490 2070 1496 2103 :
1515 2056 1561 2105 sibi
1580 2057 1658 2118 enim,

881 2171 977 2207 maenae
986 2158 1082 2207 habenti
1090 2158 1179 2207 ioniam
1188 2160 1301 2219 repetere,
1314 2158 1390 2205 bieme
1406 2160 1532 2221 appetente
1542 2160 1656 2223 navigare

882 2260 945 2309 band
957 2260 1017 2309 adeo
1030 2264 1108 2309 tulum
1120 2274 1172 2309 esse
1184 2260 1349 2310 arbitrabatur.

914 2348 977 2409 (ill.)
990 2356 1013 2397 α.
1029 2348 1072 2399 llle
1079 2348 1293 2411 quidem,areclus
1300 2354 1345 2407 est,
1352 2350 1444 2399 llerode
1453 2350 1474 2398 ei
1482 2350 1582 2413 ejusque
1591 2354 1663 2401 corni·

882 2438 934 2485 lum
952 2434 1090 2485 clarissimis
1105 2436 1181 2485 multa
1197 2435 1288 2497 largito.
1322 2438 1372 2485 ltex
1389 2448 1459 2499 vern,
1481 2451 1555 2499 quum
1575 2440 1599 2487 in
1616 2453 1661 2489 ana

882 2524 971 2574 ditione
981 2524 1084 2573 hiemem
1102 2524 1235 2585 exegisset,
1253 2524 1349 2573 ineunte
1364 2536 1419 2573 rere
1433 2538 1488 2574 eum
1504 2526 1589 2575 iterum
1602 2540 1659 2577 aon·

883 2592 963 2661 uenire
974 2612 1123 2674 properarit,
1140 2612 1217 2660 sciens
1228 2624 1284 2659 cnm
1300 2611 1324 2659 in
1338 2612 1468 2673 Bosporum
1487 2612 1660 2674 expeditionem

882 2712 977 2761 parasse
989 2713 995 2746 z
1008 2698 1165 2761 Rhodumque
1174 2704 1199 2749 ct
1210 2702 1260 2748 Con
1271 2698 1401 2761 navigando
1411 2704 1579 2761 prareti-suus
1588 2716 1661 2765 prope

883 2786 913 2835 ad
934 2786 1037 2835 besbnm
1058 2787 1163 2848 appulit,
1185 2792 1251 2835 ratus
1268 2798 1295 2835 se
1313 2799 1342 2835 eo
1365 2785 1416 2834 loco
1434 2786 1582 2836 ollensurnm
1606 2804 1661 2840 essa

883 2874 1020 2935 Agrippam.
1055 2872 1127 2923 seda
1146 2879 1217 2922 uento
1229 2873 1360 2934 aquilonari
1380 2876 1503 2935 correptus
1521 2875 1662 2935 prohibetur

883 2960 985 3011 naribus
1007 2967 1101 3025 portum
1122 2966 1209 3010 tenere.
1229 2962 1289 3009 't'um
1307 2974 1365 3010 xero
1385 2960 1476 3023 aliquot
1495 2962 1579 3013 dicbus
1597 2964 1661 3026 apud

883 3049 971 3100 clrium
993 3049 1139 3109 morabatur,
1161 3051 1186 3098 et
1207 3049 1294 3097 multas
1314 3042 1392 3111 ipsum
1414 3048 1529 3100 adeuntes
1558 3050 1661 3112 benigne

883 3136 1016 3198 excipiens,
1034 3136 1102 3197 regiis
1116 3138 1265 3199 prosequitur
1281 3136 1418 3186 munoribus
1436 3151 1579 3201 :quumque
1596 3140 1661 3189 urbis

884 3224 1000 3288 porticum
1011 3224 1144 3286 prolapsam
1156 3223 1378 3285 animadvertisset,
1390 3226 1491 3288 (quam,
1501 3226 1563 3275 bello
1571 3227 1661 3276 llilbrl·

883 3311 1102 3374 dalimannum,
1117 3311 1180 3359 band
1195 3311 1262 3361 facile
1274 3315 1325 3361 erat
1345 3312 1407 3371 iliis,
1420 3313 1620 3375 quemadmodum
1637 3315 1662 3363 in

883 3400 968 3448 ceteris
979 3400 1095 3458 lacerant,
1108 3402 1200 3460 propter
1213 3399 1265 3461 ejus
1279 3400 1465 3461 magnitudinem
1479 3404 1503 3451 et
1520 3402 1661 3464 pulcritudi-

883 3502 938 3537 nem
949 3487 1109 3547 instaurore,)
1124 3492 1214 3535 tantam
1227 3488 1381 3549 pecuniarum
1392 3489 1426 3538 eis
1436 3490 1536 3539 contulit
1545 3493 1661 3550 qnantum

883 3576 941 3624 satis
960 3588 1080 3637 superque
1099 3588 1151 3623 esse
1170 3582 1251 3637 posset
1269 3576 1298 3625 ad
1315 3579 1459 3626 structuram
1478 3576 1661 3641 absolvendam,

884 3664 994 3711 lrorlatna
1006 3665 1030 3711 ni
1043 3675 1091 3711 non
1105 3666 1241 3722 cessarent,
1258 3663 1329 3724 idque
1345 3664 1412 3713 ocius
1424 3664 1542 3725 lucerent,
1554 3670 1581 3714 nt
1590 3680 1661 3717 sunm

884 3751 935 3801 urbi
945 3754 1111 3800 ornamentum
1121 3751 1279 3801 restituerent.
1292 3754 1346 3813 lpse
1358 3766 1427 3812 nero,
1440 3768 1513 3815 quum
1526 3760 1612 3803 ventus
1629 3756 1661 3803 le·

884 3838 1034 3898 alternaret,
1048 3839 1151 3900 primurn
1164 3837 1305 3900 Mytilenen,
1316 3839 1401 3889 deinde
1410 3842 1549 3901 Byzantium
1560 3841 1661 3901 delatus,

884 3931 912 3973 nt
933 3926 1026 3977 audiuit
1042 3924 1169 3989 Agrippam
1186 3926 1234 3986 jam
1253 3928 1315 3975 ultra
1328 3930 1436 3987 cyaneos
1452 3928 1562 3988 scopulos
1576 3942 1660 3991 prora-

883 4014 1661 4079 ctum,quantapolnilcontentionecumsoquulnsesl.Quumque

883 4101 946 4163 apud
957 4102 1061 4163 sinopen
1074 4102 1097 4151 in
1112 4105 1188 4151 Ponto
1203 4113 1259 4151 eum
1274 4100 1416 4159 invenisset,
1430 4116 1460 4150 ex
1473 4104 1592 4164 insperato
1604 4118 1660 4151 rmn-

883 4194 979 4251 rpectns
1000 4194 1035 4237 est
1055 4202 1110 4237 cum
1134 4188 1209 4237 classe
1229 4188 1354 4249 appellere,
1376 4188 1418 4236 sed
1438 4192 1518 4249 grains
1536 4190 1659 4251 apparuit,

884 4277 1035 4338 multumque
1046 4278 1107 4325 inter
1118 4290 1144 4325 sa
1157 4276 1301 4326 amicissime
1311 4276 1480 4336 versabantur,
1493 4278 1580 4339 quippe
1593 4277 1659 4339 quod

884 4364 985 4424 Agrippa
1001 4362 1147 4411 existimaret
1161 4374 1186 4408 se
1205 4362 1337 4411 maximum
1355 4361 1406 4423 ejus
1424 4376 1478 4425 erga
1494 4364 1571 4425 ipsum
1589 4365 1659 4413 bene·

883 4450 994 4500 rolentirc
1001 4449 1118 4499 clamoris
1129 4449 1291 4498 testimonium
1299 4450 1426 4512 accepisse,
1436 4464 1510 4513 quum
1519 4464 1559 4500 rex
1566 4454 1659 4500 tantum

883 4538 942 4587 mari
957 4550 1054 4585 cursum
1065 4535 1218 4592 coniecisset,
1227 4538 1251 4585 et
1262 4536 1326 4585 illius
1338 4536 1408 4585 rebus
1420 4538 1554 4599 opportune
1564 4536 1661 4587 interes·

883 4629 928 4685 sel,
945 4624 1041 4687 quibus,
1056 4627 1136 4685 utpote
1153 4636 1224 4683 regno
1238 4624 1320 4671 relicto
1336 4636 1463 4687 rerumque
1476 4636 1573 4673 suarum
1585 4624 1660 4673 admi·

882 4714 1034 4769 nistralione,
1047 4710 1105 4759 nibil
1118 4710 1184 4773 prins
1195 4710 1348 4772 etantiqnius
1358 4711 1475 4760 babuerit.
1498 4713 1525 4760 lu
1541 4712 1658 4763 universis

883 4803 961 4862 ltaque
973 4801 993 4849 ei
1005 4801 1028 4847 in
1038 4799 1077 4847 illa
1086 4798 1237 4861 expeditione
1248 4797 1329 4847 aderat
1339 4798 1454 4857 Herodes,
1466 4799 1490 4847 in
1501 4798 1659 4861 rebusgcren·

882 4888 919 4937 dis
927 4888 1005 4937 socius
1015 4892 1039 4935 et
1046 4886 1148 4947 adjutor,
1160 4888 1185 4935 el
1196 4886 1220 4935 in
1228 4886 1327 4947 singulis
1334 4885 1481 4935 consiliarius
1491 4890 1516 4935 et
1527 4892 1622 4947 auctor,
1635 4888 1658 4937 ei

882 4976 1035 5036 etiamqunm
1045 4974 1150 5022 animum
1158 4974 1287 5023 remitteret
1294 4975 1375 5035 graius
1383 4978 1407 5022 et
1416 4978 1536 5035 acceptus,
1547 4974 1658 5038 solusque

881 5063 988 5112 omnium
1002 5062 1135 5123 particeps,
1151 5060 1285 5111 dillicilium
1301 5060 1397 5124 quidem
1411 5066 1505 5124 propter
1517 5061 1657 5113 benevolen-

882 5152 953 5210 tiam,
963 5150 1122 5212 jucundorum
1136 5162 1192 5199 xero
1207 5150 1303 5199 honoris
1320 5162 1384 5212 ergo.
1418 5152 1498 5207 Quum
1507 5150 1609 5212 primum
1618 5163 1658 5198 ιιι-

881 5246 929 5290 tem
940 5240 969 5287 ab
984 5238 1030 5287 illis
1042 5238 1150 5288 conlecta
1160 5240 1239 5289 essent
1249 5240 1341 5301 negotiu
1353 5238 1462 5300 Pontica,
1473 5251 1576 5299 qnorum
1588 5249 1657 5286 cansa
