3859 6084
32 468 162 546 (σοι

31 598 81 669 τήν
90 597 230 658 Ἰουδαίαν
240 584 400 669 ἀπέστειλεν,
411 596 473 655 αὐτὸ
485 599 508 655 δ’
522 598 592 665 είςτδ
601 598 767 659 Καπιτώλιον
780 604 816 665 είς

32 689 142 763 χαλκᾶς
155 684 332 764 ἐγγράψαντες
347 684 447 751 δίλτους
461 683 593 747 ἀνέθεσαν.
634 678 688 747 ’Ἦν
700 686 727 745 δί
739 692 818 747 τοιοῦ-

35 796 88 831 τον.
134 800 147 821 ι
161 771 257 848 Δόγμα
268 770 415 847 συγκλήτου
431 771 490 851 περὶ
500 772 654 853 συμμαχίας
664 775 709 833 καί
721 772 818 841 εὐνοίας

37 890 48 909 ι
69 864 121 929 τῆς
140 860 206 940 πρὸς
228 858 260 918 τὸ
282 858 351 925 ίθνος
371 862 422 917 τῶν
444 859 587 922 Ἰουδαίων.
635 860 742 932 Μηδένα
766 866 817 920 τῶν

34 974 45 997 ε
58 944 283 1023 ὑποτεταγμένων
293 945 434 1021 Ῥωμαίοις
446 949 568 1023 πολεμεῖν
578 950 615 1027 τῷ
625 951 676 1005 τῶν
685 946 817 1007 Ἰουδαίων

38 1060 50 1084 r
66 1034 152 1103 ἔθνει,
168 1032 236 1108 μηδὲ
246 1033 298 1099 τοῖς
307 1034 450 1109 πολεμῶσι
459 1034 579 1112 χορηγεῖν
592 1033 610 1103 ἢ
625 1042 694 1093 σῖτον
709 1034 726 1105 ἢ
739 1036 818 1093 πλοῖα

37 1148 49 1170 ι
61 1120 79 1191 ἢ
92 1119 237 1199 χρήματα.
279 1118 344 1179 ’Etr
357 1118 384 1178 il
401 1120 492 1178 ίπίωσί
509 1142 574 1187 τινες
588 1120 735 1199 Ἰουδαίοις,
750 1126 819 1201 βοη-

40 1210 118 1265 ιθεῖν
133 1208 286 1284 Ῥωμαίους
304 1208 389 1275 αὐτοῖς
405 1208 473 1265 κατθ
490 1207 520 1265 rb
536 1207 652 1269 δυνατόν.
695 1210 747 1269 Καὶ
761 1208 819 1267 ποί-

40 1325 50 1345 ι
67 1298 117 1367 λιν,
131 1294 165 1351 διν
180 1300 215 1373 τῇ
232 1293 372 1371 Ῥωμαίων
383 1293 476 1353 ἐπίωσί
487 1318 568 1372 τινες,
583 1296 722 1363 Ἰουδαίους
734 1298 819 1362 αὐτοῖς

25 1406 50 1443 ιε
65 1390 231 1460 συμμαχεῖν.
271 1380 317 1441 Ἂν
335 1381 363 1440 δί
375 1405 401 1439 τι
412 1381 475 1461 πρὸς
492 1382 588 1453 ταύτην
604 1383 651 1453 τήν
666 1382 820 1461 συμμαχίαν

42 1498 53 1521 ι
66 1468 168 1548 θελήσῃ
180 1469 212 1527 τὸ
224 1473 276 1527 τῶν
295 1468 429 1528 Ἰουδαίων
446 1468 514 1536 ίθνος
530 1467 547 1540 ἢ
561 1474 710 1550 προσθεῖναι
723 1468 740 1539 ἢ
754 1473 818 1549 οἰφε-

42 1560 138 1631 ιλεῖν,
159 1556 236 1615 τοῦτο
257 1560 330 1634 κοινῇ
352 1554 470 1632 γενέσθαι
491 1554 583 1636 γνώμη
606 1562 651 1614 τοῦ
666 1556 748 1631 δήμου
769 1561 819 1614 τῶν

43 1642 223 1719 εῬωμαίων·
249 1640 263 1699 δ
285 1642 308 1701 δ’
329 1640 359 1699 δν
381 1647 524 1721 προστεθῇ,
543 1645 611 1701 τοῦτ’
635 1634 699 1701 εῖναι
722 1642 817 1723 κύριον.

42 1730 193 1809 ,Ἐγροίφη
213 1728 243 1786 τδ
260 1728 344 1806 δόγμα
376 1729 426 1787 Ιὕπὸ
452 1730 605 1807 Εὐπολέμου
626 1736 671 1789 τοῦ
697 1730 818 1789 Ἰωάννου

25 1840 32 1877 ι
44 1846 54 1863 ι
67 1816 162 1881 παιδὸς
178 1814 224 1875 καί
238 1814 286 1873 ὑπὸ
301 1814 412 1881 Ἰόσονος
426 1822 472 1873 τοῦ
485 1816 660 1896 Ἐλεαζάρου,
675 1816 718 1875 iul
732 1819 820 1896 ἀρχιε-

45 1932 54 1951 a
69 1904 134 1977 ρέως
149 1900 199 1978 μὲν
211 1907 257 1959 τοῦ
276 1901 360 1967 ίθνους
379 1901 481 1973 Ἰούδα,
496 1910 642 1983 στρατηγοῦ
657 1904 684 1961 δὲ
704 1904 821 1981 Σίμωνος

45 1996 112 2047 ατοῦ
127 1990 241 2067 ἀδελφοῦ
253 1990 341 2047 critob.
356 1987 486 2059 ιΚαλτ-ήν
497 1988 543 2065 μίν
560 1989 665 2069 πρώτην
680 1990 821 2066 Ῥωμαίοις

45 2078 105 2153 προς
134 2074 274 2142 Ἰουδαίους
296 2076 383 2156 φιλίαν
402 2076 447 2133 καί
470 2076 623 2156 συμμαχίαν
641 2076 708 2135 οὕτω
727 2076 820 2149 συνίδη

46 2170 172 2222 νενὲσθαι.

355 2278 445 2337 tint».
469 2276 525 2337 lu‘.

25 2434 39 2473 ο
84 2412 237 2494 Δημήτριος
252 2414 292 2486 il,
311 2412 517 2491 ἀπαγγελθείσης
531 2414 602 2492 αὐτῷ
619 2416 665 2485 τῆς
680 2412 821 2493 Νικάνορος

49 2504 167 2571 τελευτῆς
179 2502 276 2571 καὶτῆς
286 2500 415 2566 ἀπωλείας
426 2506 471 2558 τοῦ
482 2500 527 2557 σύν
535 2502 606 2581 αύτῷ
619 2499 820 2579 στρατεύματος,

50 2588 129 2645 πόλιν
140 2589 185 2646 ebo
205 2588 339 2667 Βακχίδην
356 2586 422 2660 μετὰ
437 2588 569 2663 δυνάμεως
582 2590 618 2653 είς
631 2587 677 2658 τὴν
693 2586 820 2647 Ἰουδαίαν

50 2675 202 2753 ἐξέπεμψεν,
214 2675 241 2741 θς
254 2676 284 2731 ἐκ
297 2678 341 2744 τῆς
351 2672 506 2752 Ἀντιοχείας
519 2672 663 2753 ἐξορμήσας
677 2673 722 2732 καὶ
735 2696 822 2753 παρα-

51 2763 183 2837 γενόμενος
197 2766 232 2827 είς
245 2761 373 2821 Ἰουδαίαν
392 2764 419 2817 ἐν
434 2760 567 2838 Ἀρίὶήλοις
582 2760 656 2819 πόλει
674 2766 720 2831 τῆς
742 2762 763 2821 Γ
764 2762 822 2819 αλι-

25 2850 124 2915 triuio<
136 2848 376 2929 στρατοπεδεύεται.
429 2848 482 2907 Καὶ
496 2847 555 2913 τοὺς
568 2850 593 2905 ἐν
607 2856 660 2914 τοῖς
678 2851 731 2906 ἐκεῖ
752 2871 819 2920 σπη-

51 2938 128 3001 λαίοις
139 2936 213 3002 ὄντας
229 2937 333 3011 [πολλοὶ
347 2934 396 3014 γδιρ
410 2937 445 3002 είς
456 2934 522 2993 αὐτὰ
536 2933 768 3015 συνεπεφεύγεσαν)
781 2937 823 2993 iu-

52 3024 222 3102 πολιορκήσας
238 3022 282 3081 καὶ
296 3021 395 3100 λαθὼν,
412 3022 477 3101 ἄρας
494 3025 589 3079 ἐκεῖθεν
603 3022 646 3081 ἐπὶ
666 3023 699 3079 τὰ
711 3021 821 3101 Ἱεροσό-

55 3110 122 3183 λυμα
137 3108 252 3179 σπουδήν
267 3112 386 3168 ἐποιεῖτο.
419 3106 517 3167 Μαθὼν
530 3107 557 3166 δὲ
568 3108 612 3166 τὸν
625 3107 722 3167 Ἰούδαν
737 3108 763 3167 ίν
773 3132 822 3167 τινι

55 3196 128 3273 κώμῃ
151 3194 277 3268 Βηθζηθῶ
301 3194 414 3272 τούνομα
439 3196 763 3276 κατεστρατοπεδευμένον,
779 3194 821 3253 ἐπ’

25 3300 44 3339 tt
54 3284 126 3341 udr'os
138 3283 260 3360 ἠπείγετο
275 3282 341 3359 μετδ
355 3286 438 3351 πεζῶν
453 3282 500 3361 μὲν
515 3282 667 3364 δισμυρίων,
680 3281 781 3341 inuios
796 3279 822 3340 δί

53 3371 192 3449 δισχιλίων.
227 3374 274 3449 Τῷ
287 3370 374 3452 ’lodis
388 3372 409 3427 δ’
421 3361 488 3443 ήσαν
501 3373 524 3429 οί
537 3370 630 3437 ποίντες
642 3372 730 3449 χίλιοι.
742 3361 823 3428 Οὗτοι

54 3458 80 3514 τδ
93 3458 223 3537 Βακχίδου
237 3460 334 3528 πλῆθος
347 3456 522 3537 θεωρήσαντες
535 3456 635 3515 ἔδεισαν
651 3456 696 3515 καί
709 3456 756 3525 τὴν
768 3478 823 3513 πα-

56 3545 179 3621 ρεμόολὴν
193 3544 387 3610 ,καταλιπόντες
405 3543 498 3625 ἔφυγον
520 3542 633 3619 πάντες,
654 3542 722 3613 πλὴν
743 3546 821 3601 ὀκτα-

55 3632 154 3692 κοσίων.
206 3632 303 3697 Ἰούδας
325 3630 352 3689 δὲ
376 3631 554 3710 καταλειφθεὶς
576 3630 626 3689 ὑπὸ
648 3635 699 3689 τῶν
724 3629 823 3688 οἰκείων

29 3722 225 3796 σττρατιωτῶν,
250 3719 295 3776 καί
315 3717 447 3793 πολεμίων
467 3717 634 3795 έπεκειμίνων
656 3717 701 3775 καλ
725 3716 823 3793 μηδένα

56 3806 137 3883 καιρὸν
160 3808 230 3886 αὐτῷ
244 3806 310 3885 πρὸς
323 3803 450 3883 συλλογήν
465 3804 512 3875 τήν
527 3804 658 3881 δυνάμεως
674 3804 823 3885 ἐπιτρεπόν-

56 3916 112 3962 των,
126 3884 178 3959 οἷός
193 3916 221 3949 τε
241 3884 272 3963 ἦν
288 3891 419 3967 μετὰτῶν
438 3892 597 3951 ὀκτακοσίων
616 3890 759 3967 συμδαλεῖν
772 3892 825 3957 τοῖς

59 3980 116 4053 perd
138 3986 183 4037 τοῦ
211 3980 357 4057 Βακχίδου·
380 3979 425 4037 καί
444 3978 650 4059 προτρεπόμενός
670 4002 700 4055 γε
721 3978 824 4043 τούτους

58 4066 168 4144 εὐψύχως
189 4065 346 4145 ὑφίστασθαι
365 4065 408 4123 riv
426 4064 551 4135 κίνδυνον,
569 4064 712 4143 παρεκάλει
731 4072 824 4143 χωρεῖν

32 4154 95 4211 toiri
109 4156 155 4223 τήν
172 4154 272 4233 μάχην.
314 4154 376 4211 Τῶν
392 4148 420 4209 δὲ
432 4150 559 4229 λεγόντων
573 4155 606 4217 όις
624 4153 671 4209 οὐκ
691 4151 740 4208 εἰσὶ
761 4150 825 4229 πρὸς

60 4244 170 4297 τοσοῦτον
184 4238 290 4315 μέγεθος
300 4246 421 4317 στρατιᾶς
431 4236 583 4316 ἀξιόμαχοι,
598 4236 825 4313 συμόουλευύντων

61 4324 82 4381 δὲ
101 4332 143 4383 νῦν
160 4326 208 4399 μὲν
231 4328 376 4404 ἀναχωρεῖν
398 4324 444 4383 καί
464 4322 554 4392 σύιζειν
570 4326 680 4398 αύτούς,
704 4314 774 4389 siit<
798 4322 825 4381 δὲ

61 4413 229 4490 συναγαγόντα
246 4412 304 4477 τοὺς
317 4410 394 4478 ἰδίους
412 4416 465 4477 τοῖς
479 4414 577 4492 ἐχθροῖς
591 4408 744 4486 συμδαλεῗν,
759 4438 771 4463 α
788 4408 825 4487 μὴ

62 4504 153 4571 ταῦτ’,
168 4491 250 4569 εἶπεν,
264 4500 335 4569 ήλιος
348 4498 428 4557 ἐπίδοι
442 4498 584 4577 γενόμενον,
593 4495 635 4554 ἵνα
649 4496 700 4573 ἐγὼ
713 4497 747 4554 τίς
758 4497 826 4555 νῶτιί

35 4604 53 4641 u
64 4613 73 4633 ι
84 4608 129 4657 μου
144 4585 218 4653 δείξω
234 4594 287 4651 τοὶς
306 4584 448 4661 πολεμίοις.
490 4584 557 4643 ’ull’
577 4586 599 4641 ri
618 4582 663 4641 καί
675 4582 796 4655 τελευτὴν
812 4587 827 4641 θ

63 4672 168 4751 «παρών
184 4694 229 4747 μοι
251 4671 338 4751 καιρὸς
356 4670 428 4751 φέρει
442 4671 487 4731 καί
506 4672 544 4731 δεῖ
561 4670 663 4736 πόντιος
682 4668 826 4729 ἀπολίσθοι

63 4760 244 4837 «μαχόμενον,
268 4758 399 4833 στήσομαι
420 4757 543 4835 γενναίως
563 4764 616 4814 πᾶν
641 4759 775 4833 ὑπομένων
798 4756 827 4815 rb

63 4844 169 4917 Ιμέλλον
182 4843 265 4914 ήτοῖς
278 4846 329 4916 ἤδη
342 4844 552 4925 κατωρθωμένοις
565 4845 653 4921 καὶτη
668 4844 728 4925 περί
740 4846 826 4903 αὐτῶν

65 4953 74 4979 ι
85 4930 138 5009 δόξῃ
146 4930 303 5011 προσδαλόιν
315 4930 362 5001 τήν
374 4934 404 4989 ἒκ
417 4936 464 5003 τῆς
474 4937 518 4990 νῦν
531 4936 612 5013 φυγῆς
623 4931 706 5012 ύδριν.
721 4959 733 4984 ι
773 4930 827 4991 Καὶ

37 5038 55 5072 ιο
65 5016 76 5068 δ
88 5015 129 5089 μὲν
139 5024 223 5075 ταῦτα
235 5018 300 5097 πρὸς
312 5016 370 5083 τοθς
387 5018 601 5097 ὑπολειφθέντας,
613 5020 773 5097 παρακαλῶν
782 5024 826 5075 τοῦ

66 5102 170 5161 κινδύνου
186 5104 432 5185 καταφρονήσαντας
451 5107 528 5183 θμόσι
549 5109 670 5187 χωρῆσαι
685 5114 737 5173 τοῖς
749 5108 827 5163 πολε·

69 5186 137 5261 μίοις,
149 5190 243 5270 ε’λεγεν.

534 470 659 542 lutto.
680 469 761 529 tub.
783 470 855 529 Lttt.
878 471 944 531 ΧΠ,
966 470 1048 535 cul.
1068 475 1118 531 tlt.

1408 474 1528 551 [sunum]
1571 485 1628 537 tlt

861 612 913 671 ejus
934 612 959 660 ln
979 612 1089 662 ludmsm
1113 610 1213 661 missum
1236 614 1286 671 est,
1309 612 1388 674 ipsum
1415 624 1472 659 reso
1494 613 1517 661 in
1538 613 1635 663 tubulas

861 728 939 765 aeneas
948 716 1048 765 innisum
1057 716 1081 766 in
1089 716 1231 779 capitolium
1243 717 1343 766 relatum
1356 720 1402 767 est.
1436 720 1581 767 Bratautem
1592 718 1636 767 lm·

862 818 975 879 jusmodi.
1009 838 1020 862 ι
1031 822 1158 869 borretum
1168 824 1263 869 senatus
1272 820 1302 869 de
1313 820 1426 869 societate
1437 822 1462 869 et
1470 818 1637 870 benovolentia

865 934 945 983 «erga
969 926 1064 984 mntem
1083 922 1222 973 Jrrduornm
1238 922 1354 972 iubenda
1391 926 1427 991 lle
1448 924 1502 987 quis
1522 928 1638 975 Romanus

865 1026 985 1077 «ditionis
996 1040 1050 1077 mm
1064 1034 1134 1090 gente
1149 1028 1287 1079 iudeorum
1301 1029 1391 1081 bednm
1400 1031 1487 1092 guito,
1496 1030 1635 1093 nsqusbel·

864 1148 876 1171 α
890 1131 938 1179 lum
948 1130 1084 1191 gerentibus
1095 1130 1240 1181 trumentum
1249 1136 1291 1181 snt
1301 1116 1375 1182 nares
1391 1138 1433 1181 ant
1443 1132 1569 1195 porussiam
1580 1133 1638 1183 sub·

865 1240 1031 1289 «ministrato.
1064 1240 1090 1291 Sl
1103 1241 1158 1303 quis
1166 1241 1264 1291 Jndmos
1277 1242 1387 1302 inuadat,
1397 1243 1497 1293 liomani
1511 1243 1558 1293 illis
1568 1256 1638 1305 opem

865 1347 984 1395 «leruuto
998 1360 1042 1410 pro
1056 1347 1156 1397 viribus.
1189 1347 1316 1407 Vicissim,
1334 1350 1354 1396 sl
1368 1348 1423 1410 quis
1439 1352 1558 1399 liomanos
1574 1350 1638 1398 inra-

866 1449 943 1511 σθαι,
963 1450 1042 1500 ludaei
1057 1450 1172 1500 auxilium
1191 1450 1291 1500 lemnio.
1322 1452 1347 1501 si
1365 1450 1423 1513 qnid
1442 1450 1473 1499 ad
1494 1452 1539 1500 boo
1557 1450 1636 1500 ioedus

866 1572 877 1595 ι
890 1554 992 1603 voluerit
1003 1566 1061 1615 gens
1071 1553 1211 1604 rodomum
1219 1552 1306 1603 addere
1316 1557 1358 1603 ant
1368 1552 1399 1602 ab
1409 1568 1438 1604 so
1447 1552 1557 1613 demere,
1567 1554 1638 1603 idllat

866 1686 879 1711 ι
891 1680 945 1717 cunr
957 1680 1073 1717 oonmnsn
1085 1667 1166 1729 populi
1178 1667 1278 1717 ltomsoi
1291 1680 1298 1713 ε
1311 1666 1410 1729 siquod
1420 1666 1455 1716 sis
1467 1666 1576 1717 additum
1586 1667 1636 1716 lus·

867 1769 935 1829 artu,
955 1771 1034 1819 rslom
1054 1771 1115 1819 esto.
1147 1769 1267 1831 scripum
1284 1768 1377 1819 estbos
1394 1768 1640 1819 senatusconsultum
1702 1814 1707 1823 ‚

867 1895 879 1919 u
891 1890 934 1939 per
941 1876 1098 1939 liupoleruum
1105 1878 1204 1927 Josnnis
1213 1876 1289 1926 fllium
1297 1880 1322 1926 et
1334 1879 1442 1927 iasonem
1451 1876 1641 1938 standands

867 2002 879 2026 ι
891 1983 968 2045 gentis
979 1982 1123 2045 pontitiosst
1133 1983 1194 2034 dnos
1204 1984 1300 2034 Simone
1310 1984 1382 2033 iratrs
1392 1983 1481 2046 ipsius.
1494 2003 1508 2028 ν
1520 1988 1598 2049 alque
1606 1985 1641 2035 ita

865 2087 961 2149 quidem
981 2088 1078 2149 oonligit
1096 2088 1197 2151 primam
1213 2088 1326 2139 liomanis
1338 2102 1396 2138 enm
1412 2088 1503 2141 ludaeis
1512 2089 1643 2140 amisitisnt

868 2192 893 2237 et
902 2190 1039 2240 societatem
1051 2191 1136 2239 ustum
1146 2204 1206 2240 esse.

1090 2292 1172 2351 cus.
1195 2294 1245 2352 ru.
1267 2293 1393 2369 ικνιιι.)

900 2428 1012 2477 courum
1035 2429 1184 2488 Demetrius,
1200 2428 1309 2478 nunoista
1327 2428 1372 2479 sibi
1390 2432 1467 2480 morta
1482 2430 1605 2481 lliosnoris
1617 2434 1644 2482 el

867 2523 932 2573 ulnde
944 2524 1064 2573 exercitus
1077 2526 1118 2586 qui
1133 2538 1190 2573 oum
1205 2539 1235 2574 so
1254 2530 1318 2585 erat,
1336 2525 1402 2575 nrislt
1416 2526 1496 2575 denuo
1510 2526 1643 2577 Bambiden

866 2636 921 2671 orum
937 2625 1010 2685 copiis
1023 2624 1047 2673 in
1063 2624 1257 2687 Ι1υιΙιααιιι,ηυΙ,
1272 2626 1396 2675 Antiochia
1412 2626 1547 2689 pmlsclus,
1564 2626 1605 2675 ubl
1616 2628 1642 2675 bt

866 2726 973 2773 ludmam
983 2724 1105 2787 persenit,
1117 2724 1148 2773 sd
1163 2724 1249 2773 Arbela
1265 2725 1370 2775 (tollimus
1380 2726 1464 2774 orbem
1480 2730 1557 2775 oautm
1568 2730 1642 2774 meta·

867 2824 913 2868 tur.
947 2824 1075 2883 Quumque
1084 2820 1178 2882 eosqui
1194 2822 1218 2869 in
1228 2821 1298 2870 istius
1309 2820 1481 2883 looispelunois
1490 2825 1558 2870 erant
1570 2828 1643 2883 (nam

867 2918 934 2967 mulli
945 2919 969 2967 in
979 2930 1019 2967 ess
1032 2918 1198 2979 confugerunt)
1208 2917 1233 2967 rl
1246 2918 1429 2981 expugnavisset
1438 2918 1601 2981 nepissetque,
1615 2919 1643 2968 il·

868 3014 915 3063 lino
935 3013 1056 3073 digressus
1067 3012 1231 3074 Hierosolyma
1250 3014 1403 3076 properabat,
1444 3014 1546 3076 cognito
1562 3020 1644 3063 aulem

867 3112 953 3165 ludum
972 3113 996 3161 ln
1011 3112 1062 3161 vion
1074 3112 1205 3162 Betbmtlro
1218 3111 1282 3161 dicto
1298 3115 1375 3161 osstra
1390 3110 1513 3173 posuisse,
1528 3110 1646 3161 adsersus

866 3230 922 3283 eum
938 3216 1040 3264 duoebat
1058 3214 1140 3276 uiginti
1156 3214 1263 3277 peditum
1280 3213 1373 3275 millia,
1387 3217 1460 3277 atque
1470 3213 1519 3263 duo
1534 3215 1644 3277 equitum

870 3314 951 3363 millia.
977 3316 1009 3362 Al
1017 3312 1093 3363 ludas
1102 3326 1149 3361 non
1158 3313 1239 3375 plures
1248 3325 1330 3363 seeum
1339 3310 1442 3361 babebat
1447 3326 1520 3375 qoam
1533 3316 1573 3363 ter
1580 3313 1645 3363 millo

868 3417 983 3466 immines.
1012 3411 1063 3465 ⁴llli
1080 3416 1131 3465 viss
1149 3420 1277 3465 exercitus
1289 3414 1414 3465 Bsoolddis
1431 3416 1585 3466 multiludiue
1597 3421 1644 3467 ter·

868 3514 905 3563 riti
927 3516 1008 3572 erant,
1029 3512 1166 3574 mutisque
1188 3512 1272 3561 mstris
1289 3524 1373 3561 omnes
1392 3510 1537 3574 dillugernut
1558 3518 1645 3575 proter

867 3617 1022 3675 octingentos.
1040 3613 1116 3663 iudos
1127 3618 1206 3662 sutem
1218 3626 1233 3661 s
1244 3612 1295 3662 suis
1306 3612 1422 3661 militibus
1435 3612 1558 3674 desertus,
1569 3626 1646 3675 quum

869 3710 942 3759 bostis
948 3712 998 3772 jam
1011 3710 1157 3769 immineret,
1168 3711 1338 3773 nullumquoei
1350 3715 1444 3772 tempus
1455 3723 1531 3760 nouos
1539 3711 1646 3761 delectus

869 3806 970 3855 lrsboodi
981 3806 1134 3868 sumsisset,
1146 3807 1171 3855 in
1179 3820 1209 3855 oo
1224 3811 1275 3855 ersi
1288 3812 1314 3854 ut
1326 3820 1382 3855 oum
1392 3808 1532 3869 octingentis
1540 3808 1588 3857 illis
1600 3824 1644 3872 pu-

869 3928 938 3975 gnam
953 3916 1036 3963 ooolrs
1047 3912 1178 3963 Bumbideu
1190 3914 1348 3962 committeret
1361 3929 1366 3961 :
1377 3918 1451 3976 utque
1471 3916 1580 3965 bortatus
1599 3930 1642 3965 eos
1707 3906 1713 3921 '

871 4026 898 4070 ot
908 4022 961 4071 lorti
974 4021 1054 4070 animo
1063 4020 1168 4083 periuria
1180 4020 1325 4068 sustinerent
1334 4018 1422 4079 ,jussit
1433 4023 1461 4067 ul
1469 4020 1494 4068 ln
1503 4020 1577 4069 aoiem
1588 4032 1640 4081 pro·

869 4119 953 4167 dirent·
990 4118 1041 4167 illis
1059 4130 1114 4166 sero
1131 4116 1265 4165 utoeotiuos
1281 4128 1308 4165 se
1329 4128 1479 4178 nequaquam
1497 4128 1567 4178 posse
1587 4129 1644 4163 oum

869 4214 974 4261 exercitu
988 4216 1060 4262 tantm
1077 4212 1245 4273 magnitudinis
1262 4212 1386 4272 congredi,
1398 4217 1471 4275 atque
1487 4210 1644 4260 suadentibus

871 4316 897 4360 ut
908 4311 932 4360 in
943 4310 1067 4373 praesentia
1077 4308 1174 4373 quidem
1186 4308 1306 4358 resederet
1316 4312 1341 4358 et
1351 4309 1421 4357 saluti
1433 4320 1484 4357 sum
1494 4308 1643 4369 consuleret,

870 4422 952 4479 postes
966 4430 1023 4467 vero
1034 4414 1110 4477 oopiis
1123 4414 1174 4463 suis
1183 4413 1290 4461 ortleotis
1301 4424 1357 4461 oum
1370 4411 1477 4459 bostibus
1488 4420 1574 4460 munus
1586 4425 1644 4459 uon-

872 4482 975 4574 sereret,
989 4532 1001 4555 α
1012 4525 1043 4561 ne
1054 4512 1113 4572 boo,
1122 4510 1208 4573 inquit,
1218 4510 1254 4559 sol
1264 4512 1351 4558 lustum
1360 4508 1466 4571 aspiciat,
1476 4512 1503 4556 ut
1514 4511 1641 4568 tergamus

873 4630 885 4653 κ
898 4611 1007 4660 bostibos
1022 4610 1123 4661 obverso
1141 4607 1273 4657 ostendum.
1306 4606 1352 4655 sed
1368 4606 1389 4655 si
1406 4620 1470 4655 nuno
1488 4606 1564 4654 lutatis
1582 4604 1640 4653 bora

873 4728 884 4751 α
898 4710 962 4758 venit
971 4713 999 4758 ut
1008 4707 1103 4765 morior,
1121 4709 1146 4754 et
1157 4704 1254 4755 omnino
1265 4715 1364 4751 neeesse
1372 4708 1449 4752 estut
1462 4709 1557 4765 pereum
1570 4702 1590 4750 sl
1602 4716 1644 4763 pu-

874 4826 885 4848 n
895 4820 963 4869 gneru
973 4841 980 4863 ,
989 4805 1081 4853 lrrtiter
1090 4803 1172 4862 stabo,
1184 4804 1209 4851 el
1221 4801 1335 4863 quioquid
1347 4802 1455 4851 loturum
1467 4806 1499 4850 sit
1509 4801 1571 4851 malo
1582 4801 1644 4850 orci«

873 4924 885 4947 u
899 4916 953 4965 pers
969 4914 1041 4965 quum
1061 4906 1089 4949 ut
1106 4914 1145 4950 res
1163 4898 1275 4963 prrsclsre
1290 4903 1372 4960 gestus
1387 4900 1534 4961 gloriamque
1551 4912 1580 4947 εκ
1598 4899 1645 4947 illis

874 5019 885 5042 u
898 5005 988 5061 partam
998 4998 1060 5059 turpi
1072 4998 1126 5057 lugo
1133 4998 1182 5058 iam
1190 4995 1341 5047 dederorem.
1352 5016 1364 5040 ν
1396 5001 1475 5059 Atque
1486 4996 1539 5045 istis
1547 4995 1644 5057 quidem

872 5098 951 5147 uerbis
962 5098 1065 5159 reliquos
1078 5096 1109 5145 de
1119 5097 1169 5147 suis
1181 5097 1320 5146 hortabatur
1333 5100 1360 5144 ut
1368 5101 1449 5157 spreto
1460 5097 1645 5162 contemptoque

873 5196 978 5277 periculo
987 5208 1042 5245 oum
1051 5194 1160 5244 hostibus
1171 5194 1281 5262 prolium
1291 5194 1473 5245 oommitlereot.
