3859 6084
89 455 183 534 (men)

86 587 118 656 rip
128 581 238 664 στρατείαν
251 583 274 640 oi
291 583 461 642 Παλαιστῖνοι
474 581 519 639 καὶ
532 581 600 640 κατὸ
613 583 740 652 τοσαύτας
755 583 829 652 ὁδούς

82 665 224 750 ῖπερχόμενοι
236 667 285 740 τλν
298 672 351 728 τῶν
368 668 500 750 Ἐύραίων
513 667 604 750 χῶραν
619 671 751 750 ίπόρθουν,
768 674 828 750 βλε-

86 766 160 818 πόντων
174 782 199 816 τε
215 757 337 818 Σαούλου
350 763 394 816 τοῦ
410 757 535 836 βασιλέως
552 759 636 816 αὐτῶν
650 759 695 816 καί
707 765 754 818 τοῦ
765 782 829 818 παι-

87 851 116 912 ii<
126 845 247 920 Ἰωνάθου,
257 844 358 920 ἀμῦναί
369 867 397 901 τε
406 847 482 922 πῇγῇ
496 845 562 920 (μεθ’
573 843 712 912 ἑξακοσίων
724 845 775 926 γθρ
784 845 830 922 μό-

69 955 114 992 ινον
127 925 191 1008 ἦσαν)
210 934 237 990 οὐ
258 931 421 1008 δυναμένων.
473 931 647 1010 Καθεζόμενοι
667 933 690 991 δ’
709 934 784 1002 αύτύς
801 957 829 992 τε

85 1023 115 1077 ari
125 1023 194 1084 ὁπεῖς
205 1020 283 1076 αὑτοῦ
297 1017 344 1076 καί
358 1021 373 1076 ὁ
393 1017 526 1098 ἀρχιερεύς
538 1019 639 1097 Ἀχίας,
651 1019 777 1098 ἀπόγονος
791 1017 827 1078 ῶν

85 1107 136 1166 Ἡλεί
148 1112 185 1164 τοῦ
199 1105 357 1186 ἀρχιερέως,
375 1105 419 1164 ἐπί
436 1110 526 1184 βουνοῦ
540 1103 638 1188 ὑψηλοῦ
655 1108 699 1166 καί
715 1107 762 1178 τὴν
777 1113 826 1185 γῆν

86 1191 260 1268 λεηλατουμένην
278 1197 403 1274 ὁρῶντες,
422 1197 448 1251 ἓν
462 1193 559 1274 ἀγωνίᾳ
578 1195 646 1274 δεινῇ
661 1195 827 1266 καθειστήκε·

86 1305 124 1338 σιν.
165 1280 314 1340 Συντίθεται
335 1281 363 1338 δέ
382 1284 396 1338 ὁ
417 1281 535 1342 Σαούλου
558 1283 618 1348 παῖς
636 1285 673 1358 τῷ
692 1281 828 1364 ὁπλορόριρ

64 1367 145 1448 assius
163 1368 333 1448 πορευθέντων
354 1371 438 1428 αὑτῶν
457 1370 492 1436 είς
503 1367 549 1441 τὴν
562 1373 613 1427 τῶν
630 1370 761 1446 πολεμίοιν
775 1394 829 1429 πα-

85 1454 184 1530 ρεμύολην
195 1456 334 1534 ἐκδραμεῖν
349 1455 395 1513 καί
407 1455 525 1536 ταραχὴν
540 1459 681 1534 ἐμποιῆσαι
694 1457 740 1516 καί
753 1456 827 1539 θόρυ-

84 1541 203 1606 biri-,cis
241 1545 268 1602 Τ
269 1549 299 1600 οῦ
319 1541 347 1600 δὲ
369 1543 513 1622 ὁπλοφόρου
533 1543 670 1622 προθύμως
687 1541 827 1624 ίρέψεσθαι

84 1631 180 1706 pinsere<
198 1628 255 1687 ύιτοι
276 1629 337 1688 ποτ’
360 1629 391 1688 ῖεν
410 1633 521 1707 ἡγῆται,
539 1629 588 1689 κδιν
610 1632 746 1690 ἀποθανεῖν
767 1629 827 1710 δέη,

83 1715 206 1793 προσλαὺὼν
218 1715 266 1788 τὴν
280 1723 329 1774 τοῦ
344 1716 478 1775 νεανίσκου
492 1719 637 1798 συνεργίαν,
653 1722 697 1776 καί
711 1718 828 1786 καταόθς

62 1803 162 1860 urrinni
177 1809 264 1882 βουνοῦ
280 1805 348 1884 πρὸς
367 1803 425 1871 τοὺς
438 1805 576 1881 πολεμίους
590 1805 734 1886 ἐπορεύετο.
774 1797 827 1866 Ἦν

82 1889 100 1946 δέ
112 1889 134 1946 rb
146 1895 191 1948 τῶν
203 1893 339 1968 πολεμίων
354 1891 526 1973 στρατόπεδον
541 1892 585 1950 tri
601 1899 730 1972 κρημνοῦ,
745 1895 826 1974 τρισίν

84 1979 148 2056 inpar<
160 1983 191 2046 είς
202 1979 296 2038 λεπτόν
310 1979 525 2056 ἀπηκονημέναις
540 1986 622 2057 μῆκος
635 1981 730 2060 πέτρας
742 1983 768 2039 ίν
780 1980 827 2039 κύ·

82 2067 120 2144 riq
138 2066 302 2146 στερσνούσης
325 2065 415 2147 ῶσπερ
435 2067 571 2146 προύόλσις
591 2067 635 2134 τίς
656 2068 828 2148 ἐπιχειρήσεις

84 2153 259 2231 ἀπομαχόμενον·
275 2155 349 2212 ἔνθεν
364 2153 512 2212 συνέύαινεν
530 2157 673 2230 ἠμελῆσθαι
685 2155 730 2222 τοῖς
745 2158 826 2236 ρυλοι-

60 2240 114 2304 azir
122 2247 157 2297 τοῦ
169 2241 360 2322 στρατοπέδου,
375 2240 417 2298 δεδι
430 2240 459 2298 τό
470 2240 543 2320 φύσει
552 2244 678 2321 περιεῖναι
690 2247 727 2300 τῶ
738 2241 826 2322 χωρίῳ

84 2323 116 2395 τὴν
125 2329 260 2408 ἀσραλειαν,
274 2327 324 2386 καῖ
337 2327 413 2385 παντί
425 2329 535 2404 νομίζειν
546 2329 681 2406 ἀμήχανον
693 2305 758 2386 είναι
768 2331 826 2388 κατ’

83 2415 155 2482 ἐκείνας
164 2419 204 2473 α’νιι
214 2416 346 2488 ἀναύῆναι
360 2414 446 2492 μόνον,
459 2415 526 2473 ἀλλά
539 2415 583 2474 καί
593 2417 753 2494 προσελθεῖν.
776 2419 827 2484 ‘sse

84 2491 113 2556 ds
123 2493 174 2572 ἧκον
186 2505 218 2571 είς
230 2502 278 2575 τὴν
291 2501 475 2584 παρεμύολὴν,
487 2507 501 2560 ὁ
515 2503 637 2573 Ἰωνάθης
649 2507 826 2583 παρεθάρρυνε

83 2587 248 2668 τόνὸπλορύρον,
259 2591 305 2648 καὶ
317 2589 528 2668 ιπροσύοὶλωμεν
535 2591 586 2656 τοῖς
595 2591 735 2668 πολεμίοις,
746 2591 826 2669 ἔλεγε·

59 2673 115 2731 sris
126 2677 163 2751 μὲν
174 2677 300 2748 ἀνεθῆναι
317 2677 472 2736 κελεύσωσιν
485 2683 555 2753 ἡμᾶς
573 2678 635 2756 πρὸς
657 2677 748 2745 αὐτούς
761 2681 825 2737 ἰδόν-

83 2783 120 2832 τες,
131 2774 225 2840 σημεῖον
241 2772 323 2824 τοῦτο
340 2765 411 2836 νίκης
423 2765 626 2841 ὑπολαμθοίνειν·
640 2764 685 2823 έδιν
704 2764 731 2824 δὲ
751 2766 827 2846 φθέγ-

82 2847 149 2913 innn
159 2851 241 2928 μηδὲν,
250 2857 285 2919 ὥς
299 2856 330 2912 ού
342 2853 481 2918 καλοῦντες
494 2856 574 2924 ὑμᾶς,
589 2853 800 2932 ὑποστρέψωμεν.
814 2881 825 2906 ν

84 2939 214 3016 Προτιόντων
232 2941 254 2999 δ’
273 2943 363 2998 αὐτῶν
390 2939 597 3021 τῷστρατοπέδῳ
614 2945 665 2998 τῶν
685 2941 826 3016 πολεμίων,

83 3027 239 3106 ’παραινούσης
252 3029 307 3100 ἤδη
319 3033 366 3099 τῆς
379 3027 494 3107 ἡμέρας,
512 3027 605 3094 ἰδόντες
619 3033 642 3086 οἱ
657 3030 827 3088 Παλαιστῖνοι

60 3113 129 3190 ατρὸς
139 3115 255 3186 ἀλλήλους
268 3116 360 3193 ἔλεγον
375 3117 405 3174 ἐκ
418 3119 469 3172 τῶν
484 3115 620 3191 ὑπονόμων
635 3115 742 3174 καὶτῶν
757 3139 827 3188 σιτη-

82 3200 140 3258 λτύον
151 3203 260 3282 προϊέναι
271 3203 339 3269 ’τοὺς
355 3201 504 3283 Ἱίύραίους.
557 3203 611 3262 Καὶ
626 3203 689 3283 πρὸς
704 3203 827 3275 Ἰωνάθην

83 3287 156 3346 seiros
164 3292 300 3373 ὁπλοφόρον
310 3293 404 3362 αὐτοῦ,
413 3319 425 3342 ι
434 3293 511 3366 δεῦτ’,
522 3289 630 3370 έρασαν,
639 3289 755 3348 ἀνέλθετε
766 3289 828 3370 πρός

82 3375 189 3447 ίμῖηίνα
203 3384 267 3454 ὑμᾶς
285 3377 498 3458 τιμωρησώμεθα
512 3381 562 3435 τῶν
581 3376 779 3454 τετολμημένων
798 3380 828 3435 ἀ-

82 3455 152 3527 {inps
191 3466 387 3543 Ἀσπασοὶμενος
399 3465 426 3522 δὲ
446 3464 493 3534 τλν
515 3463 601 3546 φωνὴν
622 3469 636 3523 ὁ
650 3471 695 3522 τοῦ
710 3463 828 3525 Σαούλου

58 3559 139 3621 Ulli,
147 3555 176 3619 ὡς
186 3553 254 3621 νίκην
267 3557 341 3632 αὐτῷ
352 3551 540 3628 σημαίνουσαν,
552 3551 701 3631 παραυτίκα
713 3551 759 3628 μὲν
769 3553 827 3610 ἀνε·

82 3633 174 3714 χύρησεν
186 3643 210 3711 ἐξ
229 3633 310 3720 οὑπερ
323 3639 447 3718 ὤφθησαν
462 3641 541 3697 τόπου
555 3641 607 3706 τοῖς
621 3637 760 3715 πολεμίοις·
776 3659 828 3694 πα·

84 3729 242 3806 ραμειψάμενος
260 3729 288 3788 δὲ
302 3733 394 3786 τοῦτον
407 3727 451 3786 ἐπὶ
462 3725 509 3798 τὴν
522 3725 619 3804 πέτραν
631 3719 706 3800 ἧκεν,
726 3723 827 3805 ἔρημον

83 3800 141 3868 αῖσιν
149 3819 194 3872 τῶν
205 3816 386 3896 φυλαττόντων
398 3813 440 3872 διδ
448 3814 495 3884 τὴν
503 3813 658 3894 ὀχυρότητα.
702 3815 828 3872 Κάκεῖθεν

84 3896 240 3976 bipinne<
253 3902 322 3980 μετδι
333 3905 432 3972 πολλῆς
443 3899 621 3980 ταλαιπωρίας
632 3899 828 3971 distensionis

60 3987 206 4068 θτοῖχωρίου
218 3991 292 4072 ρύσιν
303 3993 338 4056 ὡς
352 3989 466 4046 ἀνελθεῖν
477 3988 518 4046 tri
532 3987 589 4054 τούς
603 3987 756 4064 πολεμίους,
772 3989 829 4044 έπε-

85 4073 176 4142 πεσόντες
194 4079 216 4136 δ’
236 4083 322 4144 αὐτοῖς
343 4075 512 4154 κοιμωμένοις
531 4075 709 4134 ἀποκτείνουσι
729 4073 776 4151 μέν
794 4077 829 4140 ὡς

56 4169 59 4180 ’
84 4157 156 4238 litlot,
172 4173 284 4246 ταραχῆς
306 4165 395 4224 δὲκαὶ
416 4163 562 4233 ἐκπλήξεως
581 4162 674 4227 αὐτούς
694 4162 828 4240 ἐγέμισαν,

84 4247 173 4318 &nobs
181 4253 224 4328 μὲν
235 4258 325 4335 φυγεῖν
334 4251 380 4320 τάς
394 4251 539 4316 πανοπλίας
549 4251 754 4330 ἀπορρίψαντας,
766 4253 790 4306 oi
800 4248 827 4306 θλ

85 4336 155 4422 ξολλοί
168 4340 200 4415 μὴ
214 4342 379 4422 γνωρίζοντες
393 4337 511 4410 ίαυτοθς,
526 4337 568 4396 δεδι
580 4338 610 4395 τδ
629 4339 732 4394 πολλῶν
750 4339 828 4394 ἐθνῶν

62 4423 142 4495 θείνει,
155 4429 285 4506 πολεμίους
299 4431 464 4492 ὑπονοοῦντες
476 4425 621 4496 ἀλλήλους,
636 4425 691 4502 (καί
708 4422 759 4502 γθιρ
781 4426 829 4481 οὐκ

86 4505 161 4579 ιίκιζον
176 4515 301 4587 ἀναύῆναι
314 4514 376 4595 πρὸς
391 4511 481 4580 αύτούς
494 4517 546 4570 τῶν
562 4512 693 4592 (Εὸραίων
711 4510 768 4576 τοθς
784 4509 829 4568 δύο

87 4593 176 4681 pouq)
188 4605 219 4671 είς
232 4605 321 4682 μάχην
334 4601 482 4683 ἐτρέποντο.
515 4601 570 4660 Καί
581 4603 604 4658 oi
615 4598 661 4676 μὲν
672 4601 756 4656 αὐτῶν
768 4597 829 4656 σἰπέ·

86 4684 169 4750 θ’ίακον
184 4692 354 4770 κτεινόμενοι,
367 4688 432 4755 τινὲς
448 4687 475 4746 δὲ
490 4687 624 4768 φεύγοντες
638 4685 705 4745 κατὰ
718 4689 769 4743 τῶν
781 4708 827 4743 πε-

87 4774 274 4856 spiritissimus
290 4777 532 4856 κατεκρημνίζοντο.

62 4866 79 4904 ⁵⁰
115 4858 140 4932 γ’.
157 4866 210 4922 Τῶν
228 4868 254 4925 δέ
274 4871 320 4925 τοῦ
343 4864 460 4925 Σαούλου
478 4862 651 4922 κατασκόπων
671 4859 829 4940 τεταρσίχθαι

86 4941 267 5026 τλστριιτόπεδον
282 4957 333 5012 τῶν
346 4951 527 5010 Παλαιστίνων
540 4949 692 5030 ρρασοίντων
706 4952 742 5028 τῷ
755 4953 828 5025 βασι-

87 5029 127 5104 λεῖ,
139 5037 238 5108 Σάουλος
249 5041 338 5122 ἠρώτα
357 5039 393 5116 μή
409 5061 447 5104 τις
460 5037 499 5109 εἴη
514 5041 564 5096 τῶν
578 5041 655 5094 αὑτοῦ
667 5033 830 5114 κεχωρισμέ-

88 5137 124 5182 usq,
156 5123 269 5196 Ἀκούσας
279 5129 306 5188 δὲ
318 5128 362 5185 τὸν
372 5125 426 5183 ulis
438 5125 482 5183 καί
494 5123 539 5182 σίνν
552 5126 622 5204 αύτῷ
633 5123 676 5182 τδν
687 5122 829 5202 ὁπλοφόρον

90 5205 180 5286 ἀπεῖναι,
190 5217 280 5277 κελεύει
292 5217 336 5276 τὸν
351 5210 472 5294 ἀρχιερέα
486 5211 601 5272 λαθόντα
615 5209 663 5282 τὴν
677 5215 829 5291 ἀρχιερατι-

561 452 702 527 'snm
723 453 807 516 iun.
830 457 899 519 ΗΒ.
923 459 972 520 Vl.
994 459 1076 522 CAP.
1099 463 1149 524 Vl.

1418 479 1542 548 [sanare]
1587 489 1641 542 till

874 599 945 646 Porro
955 597 1076 648 Paiaatlm
1086 615 1161 664 quom
1172 605 1304 655 sancitum
1312 605 1337 656 lu
1347 607 1394 658 tria
1403 613 1498 674 sumina
1510 614 1649 669 divisissent

873 691 897 736 et
909 699 950 750 per
963 689 1063 740 totidem
1075 692 1127 742 rias
1139 693 1296 757 irruptionem
1313 697 1431 764 tannem,
1447 704 1601 757 ltebrreornm
1613 723 1649 760 ra·

873 778 965 840 ςίουεοι
979 782 1163 846 populabantur,
1173 786 1231 836 dnm
1240 788 1326 840 &uina
1336 803 1421 842 eornm
1429 809 1472 844 rea
1481 802 1506 847 et
1519 797 1584 849 lilius
1591 801 1650 863 ep'sss

872 873 990 923 lonatbss
997 873 1172 939 lnspeetarent,
1185 884 1210 928 et
1219 885 1306 931 terram
1321 885 1395 947 (quod
1406 899 1462 936 cum
1470 887 1517 940 lliis
1526 892 1648 954 mnpinta

873 964 1024 1014 solummodo
1034 968 1123 1030 essent)
1132 969 1260 1022 detondere
1277 987 1326 1022 non
1343 976 1458 1028 ruerem.
1488 983 1552 1030 Dum
1565 987 1647 1035 snum

874 1055 992 1107 sanlmet
1001 1056 1160 1120 illuseiuset
1169 1063 1256 1112 tebias
1264 1065 1384 1128 pnutltea,
1393 1081 1421 1118 ea
1432 1072 1534 1134 posteris
1542 1075 1646 1139 lilipou·

872 1145 954 1206 illicis,
967 1160 1038 1211 super
1048 1150 1109 1200 nolle
1124 1153 1220 1202 esrelso
1230 1155 1339 1206 sederent
1355 1160 1381 1209 et
1395 1163 1484 1212 terram
1497 1163 1647 1218 δενειίείαιιι

872 1236 1052 1301 conspicerent,
1070 1241 1175 1302 pariter
1190 1245 1277 1296 animis
1294 1248 1449 1310 angebantur.
1492 1253 1568 1304 Filius
1588 1267 1648 1306 τετυ

871 1327 936 1376 sauli
946 1331 1070 1380 constituit
1079 1345 1134 1382 αιιιι
1143 1335 1260 1397 armigero
1270 1352 1315 1388 suo
1327 1342 1353 1390 nt
1361 1341 1422 1390 eiam
1431 1342 1528 1406 divensi
1537 1346 1646 1398 incaslra

872 1417 978 1470 bostium
986 1429 1151 1485 excurrerem,
1162 1428 1235 1490 atque
1244 1427 1276 1477 ibl
1286 1431 1415 1481 tumultum
1425 1436 1451 1483 el
1460 1435 1644 1498 trepidationem

871 1510 1024 1562 concitarent.
1056 1517 1184 1578 Quumque
1194 1520 1295 1582 εειιιίςει
1306 1523 1454 1584 ςνοιοίιίτιεί
1464 1541 1491 1578 ιο
1500 1529 1578 1592 ipsum
1589 1545 1645 1596 quo·
1717 1549 1722 1558 ·

871 1615 967 1666 euinque
975 1604 1070 1656 durent
1080 1612 1233 1670 secuturum,
1242 1613 1335 1664 οίίεεειεί
1347 1617 1431 1667 mortis
1440 1620 1570 1680 οειόοιιΙυοι
1583 1629 1647 1676 esset

870 1695 1647 1772 aditurumlnnuticns,assumptnsibiadjntorejurene‚deaoen·

871 1799 947 1848 suque
958 1787 988 1836 de
998 1789 1108 1839 colliculo
1118 1792 1193 1852 lucto,
1201 1793 1231 1842 ad
1240 1794 1321 1846 isostea
1327 1799 1495 1850 contendebat.
1526 1807 1600 1856 naut
1607 1819 1646 1856 au·

872 1885 919 1929 lem
929 1885 1007 1929 castra
1016 1893 1099 1930 eorum
1111 1883 1135 1932 iu
1146 1884 1200 1934 ineo
1211 1893 1333 1948 praerupto
1344 1889 1404 1952 sita,
1416 1892 1493 1942 tribua
1503 1897 1642 1956 prominem

874 1969 922 2028 tiis,
930 1971 963 2019 ita
971 1973 1114 2022 acuminatis
1125 1979 1153 2023 ut
1167 1976 1251 2038 exigue
1266 1977 1395 2030 admodum
1406 1985 1528 2046 paiemnt,
1541 1989 1646 2051 scopulis

871 2061 894 2110 in
905 2062 1021 2112 ambitum
1030 2065 1157 2127 euntibus,
1168 2072 1281 2130 unquam
1291 2074 1473 2132 propugnaculis
1479 2081 1647 2142 cuntraaoeru

871 2152 1111 2217 dientinminrpetnsn
1121 2158 1221 2209 munita.
1254 2161 1322 2210 Unde
1331 2163 1483 2226 contingebat
1494 2171 1647 2235 utneqllgen·

871 2246 918 2294 tine
929 2247 1107 2298 custodirentur
1123 2255 1217 2312 metra,
1233 2253 1299 2314 qnod
1314 2254 1421 2306 locurum
1441 2262 1526 2310 natura
1540 2263 1648 2328 nudique

871 2339 1025 2399 tutaessent,
1035 2338 1129 2402 ipsique
1137 2342 1302 2394 existimarent
1317 2347 1383 2396 unllo
1394 2349 1465 2399 modo
1474 2345 1526 2400 lieri
1540 2361 1648 2414 possent

870 2425 924 2488 quis
935 2428 964 2476 ad
973 2434 1164 2491 promunturiur
1183 2433 1242 2484 istas
1254 2437 1387 2497 amederm,
1396 2440 1521 2502 multoque
1532 2443 1612 2492 minus
1620 2447 1648 2492 ut

870 2535 910 2572 eas
921 2525 1067 2576 ascenderet.
1084 2516 1089 2528 '
1100 2531 1182 2586 Qnrrm
1193 2530 1301 2592 igiturad
1310 2537 1388 2583 castra
1396 2535 1532 2598 venissent,
1544 2538 1646 2600 simige-

870 2633 923 2669 rum
948 2622 1012 2672 bono
1033 2625 1113 2674 animo
1131 2639 1183 2676 esse
1203 2629 1343 2679 hortabatur
1363 2632 1490 2692 tonsillas,
1508 2633 1647 2698 aiebatque,

873 2737 883 2758 ι
896 2717 977 2766 lunatos
994 2717 1128 2768 adoriunnr
1141 2734 1148 2769 ε
1160 2724 1185 2769 et
1197 2722 1327 2784 siquidem,
1344 2737 1420 2786 quum
1435 2737 1479 2774 nos
1490 2726 1605 2790 viderint,
1617 2728 1649 2778 ad

871 2812 935 2874 ipsos
950 2825 994 2860 nos
1007 2812 1134 2864 ascendere
1150 2814 1277 2876 iusserint,
1287 2815 1332 2865 boc
1344 2816 1423 2879 ipsum
1434 2819 1539 2868 uictoriae
1554 2819 1648 2881 signsmr

870 2905 970 2966 accipe,
982 2904 1019 2953 sin
1038 2918 1094 2954 rero
1107 2905 1177 2968 piane
1187 2909 1317 2969 tacuerint,
1330 2910 1399 2972 quasi
1409 2923 1453 2958 nos
1464 2924 1512 2959 non
1521 2916 1646 2964 uocassent

872 3001 1025 3046 revertemur.
1039 3015 1051 3038 ν
1078 3000 1158 3054 Quum
1171 3011 1227 3050 vero
1237 3001 1333 3063 propius
1344 3001 1375 3050 ad
1386 3005 1462 3052 castra
1470 3003 1575 3054 bostium
1584 3019 1650 3056 aoce-

872 3091 969 3151 dorent,
980 3089 1019 3139 die
1024 3092 1072 3152 jam
1080 3091 1248 3155 illucescente,
1258 3098 1310 3144 lum
1321 3097 1454 3159 Palaestini,
1463 3098 1493 3146 iis
1503 3101 1649 3162 conspectis,

872 3185 931 3232 iliter
942 3199 967 3234 se
978 3184 1101 3244 «licebant,
1110 3197 1139 3234 es
1151 3187 1266 3236 cuniculis
1275 3193 1299 3236 et
1307 3188 1426 3249 speluncis
1437 3203 1463 3238 se
1473 3204 1557 3240 uersus
1567 3206 1648 3255 prore·

872 3291 927 3340 perc
942 3279 1063 3328 liebrrnos.
1103 3279 1195 3328 Deinde
1207 3281 1335 3329 somnum
1344 3283 1369 3330 et
1380 3282 1523 3344 armigerum
1532 3284 1649 3348 alloqnnll

872 3379 942 3434 sunt,
953 3393 964 3416 ι
979 3374 1073 3433 adeste,
1082 3376 1112 3423 ad
1122 3389 1166 3424 nos
1181 3376 1316 3438 ascendite,
1330 3381 1357 3426 ut
1368 3379 1458 3441 ponis,
1467 3383 1540 3442 prout
1549 3381 1648 3431 audacia

872 3470 1026 3530 commeruit,
1041 3483 1085 3519 ros
1100 3471 1239 3521 afficiamus.
1254 3492 1267 3515 ι
1299 3472 1364 3523 Sauli
1382 3478 1462 3522 ευῑεοι
1482 3474 1546 3524 lilius
1563 3486 1646 3526 rooern

872 3563 1012 3626 amplexus,
1026 3568 1052 3612 ut
1068 3565 1192 3614 victoriam
1204 3565 1249 3628 ipsi
1258 3565 1420 3626 addicentem,
1434 3568 1543 3630 protinus
1551 3568 1649 3630 quidem

872 3658 927 3708 inde
945 3658 1065 3720 digressus
1080 3665 1131 3721 est,
1148 3660 1188 3709 nbi
1204 3660 1324 3723 conspecti
1335 3660 1441 3710 erantab
1451 3661 1561 3711 lsostibna
1576 3677 1583 3710 ι
1597 3662 1649 3712 ίοσο

872 3754 952 3800 antem
968 3757 1060 3800 mutato
1073 3751 1103 3800 ad
1117 3755 1208 3814 petram
1222 3752 1300 3812 venit,
1313 3756 1408 3815 propter
1423 3753 1559 3802 bmiutem
1570 3766 1648 3804 ευσοι

872 3844 1230 3906 nullispraesidiiscustoditam.
1257 3844 1483 3907 Atqneludeqnnm
1492 3859 1587 3895 snrsnm
1600 3859 1650 3896 οια-

872 3951 918 4000 gno
929 3951 985 3986 cunr
995 3937 1075 3987 labore
1087 3938 1243 3999 erubuissem,
1255 3935 1397 3986 diiiicnltatc
1407 3951 1438 3985 es
1450 3941 1538 3988 natura
1550 3938 1595 3987 inei
1606 3952 1647 3988 sn·

873 4037 952 4094 perata
961 4031 1065 4078 inaltnm
1073 4031 1199 4078 eraserunt
1206 4030 1236 4077 ad
1244 4029 1432 4092 inostes,eosque
1438 4029 1529 4092 sopitos
1535 4032 1648 4092 aggressi,

872 4125 987 4174 domines
1003 4124 1099 4187 quidem
1115 4125 1206 4172 circiter
1224 4124 1307 4184 viginti
1322 4124 1472 4185 occiderunt,
1489 4125 1549 4174 adeo
1567 4130 1649 4174 autem

872 4231 914 4268 eos
931 4218 1036 4266 tumultu
1054 4221 1079 4267 et
1101 4218 1289 4267 consternatione
1310 4218 1475 4280 mmpiernnt,
1493 4223 1519 4266 nt
1541 4219 1650 4269 nonnulli

872 4311 970 4375 quidem
988 4311 1062 4360 armis
1077 4311 1176 4372 abjectis
1192 4311 1215 4359 in
1225 4311 1304 4372 lugam
1320 4323 1347 4360 se
1364 4311 1524 4374 proriperent,
1542 4311 1650 4374 plerique

873 4418 944 4466 vero,
963 4417 1020 4454 snos
1036 4417 1083 4452 non
1095 4404 1289 4464 internoscentes,
1299 4401 1402 4464 qnodex
1418 4403 1500 4452 mullis
1514 4408 1651 4454 constarent

874 4499 998 4560 gentibus,
1013 4499 1143 4560 hostesque
1160 4511 1212 4546 esse
1224 4496 1361 4557 credentes,
1378 4497 1514 4557 (nonenim
1532 4496 1650 4559 putabant

874 4591 934 4640 dnos
942 4594 1034 4640 tantum
1046 4590 1158 4639 liebrmos
1166 4589 1196 4638 ad
1205 4591 1268 4652 ipsos
1277 4589 1436 4652 penetrasses)
1446 4601 1549 4651 l>¹¹ii¹¹⁸¹¹¹
1558 4590 1649 4640 Ῑθθθῦί·

874 4691 951 4749 Atque
971 4686 1055 4734 borum
1071 4684 1168 4745 quidem
1183 4683 1223 4733 alii
1239 4682 1330 4732 mutuis
1341 4683 1447 4732 cudibus
1460 4682 1593 4745 intereunt,
1609 4686 1650 4736 alii

874 4793 931 4828 vero
942 4780 965 4826 in
976 4778 1031 4838 iuga
1040 4778 1143 4839 protrusi
1153 4790 1181 4825 ex
1196 4776 1295 4838 rupibus
1304 4775 1454 4836 deliciantur.

905 4871 927 4916 3.
935 4870 1015 4925 Quum
1022 4867 1101 4914 antem
1109 4865 1173 4913 Sauli
1180 4865 1340 4927 speculatores
1349 4865 1459 4914 omniain
1468 4865 1649 4916 Palestinorum

874 4983 958 5034 castris
969 4982 1074 5032 tumultu
1084 4982 1178 5030 misnen
1191 4981 1370 5032 renunciassent
1381 4982 1442 5044 regi,
1451 4986 1603 5045 percontatus
1612 4988 1651 5034 est

874 5097 1163 5160 saniueecqnisesnisab
1175 5097 1233 5161 ipsis
1241 5097 1397 5148 discessisset.
1409 5097 1496 5148 Audito
1507 5111 1565 5147 reru
1575 5096 1649 5146 lelium

874 5227 930 5266 cnm
941 5213 1058 5277 armigero
1074 5213 1168 5276 abesse,
1183 5213 1252 5276 jubel
1263 5212 1368 5272 pontilici
1380 5215 1407 5263 nt
1417 5218 1516 5276 sumpta
1531 5214 1600 5262 vestu
1614 5223 1651 5266 it·
