3859 6084
234 527 249 573 ι
333 513 415 594 ι-ι

231 677 284 728 μας
297 655 381 711 αὐτῶν
392 651 536 732 ἀναγαγὼν,
548 651 591 710 καί
604 651 694 720 πείσας
703 650 742 710 ὅτι
753 657 804 712 τῶν
816 653 859 711 ε’πί
866 658 912 732 γῆς
922 653 1003 734 ἔργων

232 747 276 800 τοῦ
285 747 340 800 θεοῦ
352 741 381 800 τνο
389 741 527 800 κάλλιστόν
534 742 611 816 ἐσμεν
623 740 766 820 ἅνθρωποι,
776 739 817 799 ὅτε
827 741 890 820 πρὸς
903 741 950 813 τλν
964 745 1006 800 εῦ-

233 828 336 887 σέῦειαν
354 827 429 908 ἔσχεν
447 827 637 899 ὑπακούοντας,
651 827 743 908 ῥᾳδίως
756 829 807 900 ηνδη
825 829 884 909 περί
901 827 1006 887 πάντων

233 917 341 976 ἔπειθεν.
355 919 391 976 Oi
406 916 452 993 μέν
471 915 521 996 γάρ
542 915 615 974 ἄλλοι
630 914 765 992 νομοθέται
778 917 830 982 τοῖς
845 916 932 993 μύθοις
948 916 1006 984 ἐξα-

205 1025 219 1063 b
233 1004 432 1075 κολουθῆσαντες
446 1008 496 1062 τῶν
512 1003 677 1083 ἀνθρωπίνων
689 1004 887 1082 ἁμαρτημάτων
902 1009 937 1070 εἰς
947 1004 1006 1071 τοῦς

157 1132 161 1141 -
233 1092 303 1158 θεοὺς
320 1096 357 1171 τῷ
375 1090 445 1168 λόγω
464 1089 511 1160 τὴν
533 1089 659 1169 αἰσχύνην
679 1090 831 1166 μετέθεσαν,
850 1091 895 1150 καί
908 1090 1006 1162 πολλὴν

232 1179 387 1250 ὑποτίμησιν
400 1180 451 1244 τοῖς
464 1186 584 1255 πονηροῖς
601 1176 708 1236 ἔδωκαν·
721 1182 735 1237 ὁ
747 1179 770 1236 δ’
785 1177 909 1256 ἡμέτερος
928 1199 1007 1254 νομο·

232 1267 306 1338 θέτης
320 1270 447 1346 ἀκραιφνῆ
462 1263 615 1345 τὴνάρετλν
631 1263 722 1344 ἔχοντα
733 1265 776 1324 τὸν
790 1264 858 1326 Θιδν
871 1264 1007 1346 ἀποφήνας

231 1353 304 1433 ᾠήθη
319 1355 370 1412 δεῖν
384 1351 442 1419 τοίις
456 1349 603 1430 ἀνθρώπους
613 1350 710 1422 ἐκείνης
721 1357 858 1432 πειρᾶσθαι
870 1354 1005 1429 μεταλαμ·

192 1457 218 1498 tu
232 1439 328 1511 θαίνειν,
342 1437 456 1504 καὶτοὺς
474 1436 510 1514 μὴ
524 1443 605 1496 ταῦτα
623 1443 776 1518 φρονοῦντας
793 1436 858 1515 μηδὲ
872 1438 1005 1498 πιστεύον·

231 1551 277 1592 τας
301 1525 486 1606 ἀπαραιτήτως
508 1525 628 1586 ἔκονλασε.
669 1525 740 1604 Πρδς
769 1524 866 1598 ταύτην
894 1516 938 1584 οῦν
958 1525 1006 1597 τὴν

232 1611 350 1672 ὑπόθεσιν
368 1616 497 1671 ποιεῖσθαι
513 1610 560 1681 τὴν
575 1610 689 1680 ἐξέτασιν
705 1609 763 1678 τοῦς
781 1611 1006 1691 ἀναγνωσομένους

230 1703 387 1778 παρακαλῶ.
429 1701 558 1759 Φανεῖται
576 1698 627 1779 γδιρ
639 1699 823 1776 σκοπουμένοις
841 1699 921 1767 οθτως
934 1701 1006 1759 οῦδὲν

231 1786 284 1846 οὔτ’
303 1785 396 1866 ἀλογον
416 1789 502 1852 αὐτοῖς
520 1784 578 1844 οὔτε
597 1786 660 1868 πρδς
679 1786 727 1859 τὴν
746 1787 938 1866 μεγαλειότητα
959 1793 1005 1845 τοῦ

194 1900 218 1938 rs
232 1879 301 1937 Θεοῦ
315 1875 360 1934 καί
373 1873 420 1945 τλν
431 1872 623 1954 φιλανθρωπίαν
637 1873 808 1955 ἀνάρμοστον.
851 1874 945 1934 Πάντα
954 1872 1006 1954 γδρ

231 1965 264 2040 τῇ
275 1965 326 2018 τῶν
337 1960 403 2018 ὅλων
418 1959 492 2040 φιίσει
504 1959 642 2042 σύμφωνον
653 1960 708 2039 ἔχει
718 1960 765 2032 τλν
778 1959 903 2038 διάθεσιν,
915 1959 948 2018 τδι
956 1959 1005 2038 μίν

232 2047 406 2125 αἰνιττομένου
420 2053 464 2107 τοῦ
478 2047 614 2124 νομοθέτου
630 2047 730 2124 δεξιῶς,
746 2047 818 2107 τὰδὲ
833 2050 1005 2128 ἀλληγοροῦν·

232 2158 275 2202 τος
287 2133 352 2212 μετδι
365 2134 533 2212 σεμνότητος,
549 2133 597 2192 ὅσα
612 2137 634 2192 δ’
647 2133 672 2203 ἐξ
686 2135 783 2202 εὐθείας
795 2134 914 2212 λέγεσθαι
929 2137 1006 2193 συνέ-

232 2245 310 2302 φερε,
322 2228 404 2280 ταῦτα
416 2225 499 2300 ῥητῶς
510 2222 697 2303 ἐμφανίζοντος.
738 2225 803 2287 Τοῖα
815 2221 902 2299 μέντοι
912 2225 1006 2303 βουλο-

190 2332 220 2369 uu
233 2309 318 2386 μένοις
335 2309 380 2368 καί
393 2311 439 2375 τάς
454 2308 538 2375 αἰτίας
559 2308 673 2367 ἑκάστων
688 2317 792 2368 σκοπεῖν
806 2308 890 2381 πολλὴ
909 2306 1006 2388 γένοιτν

232 2396 263 2455 ἀν
276 2402 292 2468 ἡ
307 2396 400 2476 θεωρία
415 2397 459 2455 καί
473 2396 531 2454 λίαν
545 2397 694 2478 φιλόσοφος,
704 2398 736 2470 ἣν
747 2394 797 2476 ἐγὼ
807 2402 851 2454 νῦν
866 2396 912 2474 μὲν
926 2401 1006 2476 bucep-

232 2483 375 2562 θαλοῦμαι,
395 2489 463 2545 Θεοῦ
478 2483 505 2543 δέ
519 2483 630 2552 διδόντος
647 2489 711 2562 ἡμῖν
729 2483 829 2564 χρόνον,
848 2484 1006 2564 πειράσομαι

232 2571 298 2648 μετδι
317 2571 413 2643 ταύτην
441 2573 539 2654 γράψαι
559 2571 607 2643 τὴν
634 2571 823 2651 πραγματείαν.
864 2575 889 2632 Τ
893 2571 1004 2653 φέρομαι

231 2659 258 2718 δὲ
271 2660 314 2718 lsi
333 2659 381 2732 τὴν
398 2660 528 2741 ἀφήγησιν
547 2659 598 2731 ἤδη
615 2663 666 2717 τῶν
684 2659 859 2740 πραγμάτοιν,
884 2659 1006 2736 μνησθεὶς

190 2774 218 2812 pr,
231 2745 354 2828 πρότερον
378 2739 413 2805 ὧν
430 2747 489 2828 περί
506 2751 552 2818 τῆς
579 2753 623 2805 τοῦ
644 2745 741 2824 κόσμου
762 2751 924 2818 κατασκευῆς
950 2737 1006 2803 εἰπε

232 2837 356 2906 Μωῦσῆς.
398 2838 490 2895 Ταῦτα
504 2835 525 2892 δ’
538 2838 564 2893 έν
578 2836 634 2902 ταῖς
647 2837 727 2916 ἱεραῖς
740 2833 838 2914 βίῦλοις
851 2826 930 2915 ηῦρον
942 2837 1009 2892 εἰναι

231 2922 408 3003 γεγραμμένα·
422 2921 476 3001 ἔχει
490 2919 517 2981 δέ
529 2921 618 2988 οθτως.

476 3105 700 3166 ΚΕΦΑΑΑΙΟΝ
723 3103 764 3164 Αν.

263 3265 316 3326 ΙἜν
332 3270 401 3347 ἀρχῇ
417 3265 516 3326 ἔκτισεν
531 3266 615 3334 teste
633 3266 676 3325 τνον
695 3266 802 3346 οῦρανδν
819 3267 864 3324 καί
883 3267 931 3338 τὴν
946 3273 1004 3346 γῆν.

220 3354 334 3426 ’Ταύτης
343 3357 366 3412 δ’
376 3354 420 3412 ὑπ’
429 3355 487 3434 dbis
497 3356 542 3412 οὐκ
552 3352 704 3434 ἐρχομένης,
717 3355 784 3412 ἀλλὰ
797 3357 869 3432 βαθεῖ
882 3353 928 3430 μὲν
943 3377 1003 3432 κρο-

190 3457 217 3496 ³0
230 3441 358 3519 πτομένης
372 3442 470 3514 σκότει,
484 3441 630 3518 πνεύματος
644 3442 666 3500 δ’
679 3441 759 3512 αὐτὴν
779 3441 874 3499 ἀνωθεν
890 3440 1006 3499 ἐπιθέον-

229 3550 284 3602 τος,
303 3529 420 3608 γενέσθαι
439 3533 492 3611 φῶς
503 3529 635 3588 ἐκέλευσεν
652 3528 751 3594 δΘεός.
795 3527 847 3588 Καί
867 3529 1006 3604 γενομένου

229 3617 319 3676 τοῦτου
327 3664 336 3694 ,
344 3617 505 3689 κατανοήσας
514 3615 561 3688 τὴν
573 3617 635 3688 ὅλην
646 3615 719 3686 ὕλην,
731 3613 865 3696 διεχώρισε
875 3613 941 3673 τότε
953 3619 1006 3695 φῶς

229 3704 274 3762 καί
287 3702 430 3774 τῦσκότος,
443 3703 488 3762 καί
506 3707 543 3782 τῷ
564 3703 610 3780 μὲν
630 3701 711 3778 ὄνομα
728 3700 799 3760 ἔθετο
819 3699 914 3773 νάκτα,
934 3700 963 3759 τὸ
978 3701 1006 3760 δέ

229 3790 328 3872 ἡμέραν
341 3789 472 3861 ἐκάλεσεν,
483 3789 594 3870 ἑσπέραν
603 3813 631 3848 τε
644 3789 689 3847 καί
700 3787 788 3869 ὄρθρον
800 3787 847 3859 τὴν
859 3786 942 3866 ἀρχὴν
957 3793 1002 3845 τοῦ

190 3890 216 3928 ³⁵
230 3878 312 3960 φωτὸς
322 3878 367 3935 καί
380 3877 427 3948 τὴν
438 3877 584 3936 ἀνάπαυσιν
599 3874 820 3956 προσαγορεύσας.
862 3875 917 3934 Καί
938 3874 1005 3947 αὕτη

230 3965 278 4044 μὲν
293 3964 324 4023 δν
338 3965 377 4036 εἴη
397 3971 413 4037 ἡ
434 3961 524 4044 πρώτη
541 3962 636 4043 ἡμέρα·
661 3967 776 4032 Μωῦσῆς
797 3965 819 4020 δ’
839 3960 918 4032 αθτλν
942 3961 1005 4038 μίαν

229 4041 295 4112 εἰπε.
336 4050 392 4124 Τὴν
416 4053 437 4110 δν
452 4052 536 4110 αἰτίαν
557 4051 643 4116 ίκανδς
660 4048 707 4126 μέν
728 4051 782 4126 εἰμι
802 4049 941 4106 ἀποδοῦναι
961 4073 1006 4107 και

229 4145 282 4197 νῦν·
300 4137 360 4198 ’ἐπεί
373 4139 405 4198 ’δ’
420 4139 572 4218 ὑπέσχημαι
586 4135 633 4209 τὴν
651 4135 807 4214 αἰτιολογίαν
822 4135 941 4193 ἁπάντων
954 4136 1006 4217 ἰδίιγι

611 528 614 536 ’
710 513 992 574 nebulosorum
1017 515 1112 577 ulus.
1134 522 1167 576 Α.
1190 519 1282 579 illim
1305 523 1337 578 b.

1726 527 1828 605 l⁴-⁰-l

1052 664 1076 712 in
1085 665 1153 714 terris
1161 666 1347 728 pulcherrimum
1358 669 1401 718 liei
1412 678 1472 732 opus
1479 668 1554 719 dmus
1562 667 1684 733 homines,
1694 686 1773 735 quum
1781 675 1831 735 jam

1051 761 1081 810 ad
1099 763 1211 826 pietatem
1226 765 1324 817 baberet
1338 767 1509 830 obsequentes,
1520 768 1550 818 de
1566 771 1652 820 ceteris
1668 773 1785 822 omnibus
1796 775 1833 823 eis

1052 860 1119 910 tacite
1130 864 1254 924 persuasit
1285 864 1331 914 nili
1344 878 1447 927 natuque
1461 865 1606 928 legislatores
1619 867 1714 917 tabulas
1728 874 1832 932 sequals

1052 961 1162 1022 pudenda
1178 962 1300 1012 bominum
1311 967 1408 1026 pennata
1422 963 1452 1013 ad
1472 963 1531 1014 deos
1546 966 1624 1016 uobis
1641 968 1834 1028 transtulerunt,

1053 1057 1198 1120 multamque
1209 1057 1326 1108 dederunt
1336 1060 1452 1124 improbis
1462 1065 1538 1112 εειιεει
1547 1063 1677 1112 excusandi
1684 1065 1814 1114 maenium
1825 1080 1834 1114 ε

1053 1159 1078 1202 st
1093 1160 1173 1206 noster
1179 1156 1304 1219 legislator,
1313 1162 1410 1208 ostenso
1417 1162 1494 1210 Deum
1505 1161 1619 1212 virtutem
1630 1162 1719 1212 bebere
1729 1175 1834 1225 puram,

1053 1253 1160 1304 homiues
1171 1267 1265 1305 suntme
1274 1270 1320 1319 ope
1328 1257 1371 1306 niti
1379 1263 1488 1321 oportere
1497 1260 1591 1310 censuit
1602 1265 1629 1311 ut
1641 1261 1672 1311 de
1683 1275 1712 1311 εε
1733 1263 1836 1324 partici-

1053 1355 1123 1415 pent,
1138 1353 1163 1402 in
1175 1367 1278 1417 eosque,
1290 1357 1420 1420 quinoque
1434 1358 1529 1421 sapiunt
1549 1359 1602 1409 baec
1619 1374 1696 1423 neque
1709 1359 1834 1422 eredunt,

1052 1463 1134 1501 serere
1143 1452 1271 1503 admodum
1279 1454 1454 1505 animadvertit
1484 1457 1834 1522 Adbucigiturpraescriptum

1052 1551 1150 1602 lectores
1176 1552 1275 1603 obsecro
1294 1558 1322 1604 ut
1336 1555 1389 1604 bes
1408 1560 1489 1604 nostra
1514 1557 1650 1606 examinare
1675 1558 1761 1607 velint.
1791 1557 1832 1607 sie

1052 1653 1116 1703 enim
1127 1654 1329 1705 considerantibus
1336 1655 1394 1704 nibil
1403 1656 1441 1706 vel
1449 1656 1579 1706 absurdum
1586 1691 1595 1717 ,
1601 1657 1640 1706 uel
1649 1658 1693 1707 Dei
1705 1659 1833 1720 maiestati

1052 1755 1152 1817 ejusque
1160 1768 1215 1817 erqo
1227 1757 1335 1806 immines
1347 1757 1422 1806 umori
1434 1769 1519 1820 parum
1530 1770 1659 1819 congruum
1671 1770 1725 1808 esse
1736 1757 1831 1808 uidebi-

1053 1858 1102 1904 tur.
1134 1858 1194 1905 llam
1205 1856 1286 1905 omnia
1296 1869 1390 1906 sumnus
1398 1857 1556 1908 concinnitate
1564 1858 1634 1918 juxta
1642 1857 1748 1907 universi
1761 1862 1832 1907 natu·

1051 1967 1103 2004 ram
1116 1960 1172 2004 sunt
1181 1955 1309 2018 disposita,
1319 1956 1432 2006 nonnulla
1442 1957 1501 2006 scite
1507 1957 1604 2019 quidem
1614 1957 1729 2008 innuente
1737 1958 1833 2020 legisla-

1051 2053 1116 2112 tore,
1127 2051 1172 2101 alia
1180 2057 1259 2102 autem
1269 2054 1417 2117 exprimente
1427 2054 1549 2116 allegorice
1558 2068 1613 2103 curn
1622 2054 1754 2117 dignitate;
1765 2070 1830 2118 qum·

1051 2166 1146 2216 cuuqne
1162 2154 1317 2205 uerodirecte
1331 2169 1461 2218 proponere
1476 2155 1534 2205 utile
1545 2159 1609 2217 erat,
1623 2168 1651 2204 ea
1663 2155 1733 2218 plane
1753 2163 1779 2207 et
1795 2159 1831 2207 di·

1051 2253 1133 2302 sertim
1145 2253 1284 2316 explicante.
1295 2257 1387 2304 llorurn
1398 2269 1481 2304 causas
1489 2254 1509 2304 si
1518 2255 1557 2304 cui
1568 2255 1591 2303 in
1599 2255 1680 2304 animo
1691 2261 1729 2304 est
1741 2253 1831 2318 sigilla-

1051 2352 1095 2401 tim
1107 2354 1263 2416 perpendere,
1273 2356 1294 2404 ei
1311 2355 1386 2404 multa
1396 2355 1532 2404 suborietur
1543 2354 1710 2416 contemplatio
1719 2361 1747 2404 et
1758 2354 1830 2404 valde

1052 2452 1214 2516 pliilosoplriea
1225 2474 1231 2504 ι
1243 2467 1314 2517 quam
1321 2456 1345 2503 in
1354 2455 1418 2503 aliud
1427 2458 1522 2516 tempus
1529 2454 1625 2504 diilerre
1632 2468 1726 2505 mecum
1737 2459 1827 2505 statuo.

1051 2546 1141 2603 Quodsi
1153 2547 1212 2597 deus
1220 2548 1349 2610 longiorem
1360 2554 1454 2600 eutem
1467 2551 1621 2610 concesserit,
1632 2565 1703 2614 opere
1721 2553 1771 2601 boo
1788 2550 1829 2600 ab·

1052 2644 1132 2693 soluto
1142 2645 1173 2694 ad
1189 2645 1228 2694 illa
1239 2659 1334 2708 quoque
1350 2647 1517 2709 perscribenda
1529 2647 1659 2709 aggrediar.
1690 2651 1762 2698 ltunc
1772 2662 1829 2697 uem

1052 2741 1139 2789 memet
1149 2740 1180 2788 ad
1200 2754 1279 2789 rerum
1296 2742 1454 2791 narrationem
1466 2747 1615 2803 consertam,
1629 2743 1668 2792 irbi
1684 2743 1827 2806 pauculada

1052 2835 1134 2884 mundi
1144 2835 1231 2884 lubrica
1244 2850 1275 2886 ex
1287 2836 1367 2886 verbis
1378 2837 1503 2899 Moysainis
1514 2838 1677 2901 praelibavero.
1710 2841 1770 2887 linc
1786 2851 1828 2886 au·

1052 2932 1099 2976 mm
1109 2929 1214 2977 iusseris
1223 2928 1297 2979 literis
1305 2931 1392 2993 scripta
1397 2931 1544 2993 reperiebam
1555 2936 1641 2994 :atque
1650 2930 1682 2989 ita
1689 2943 1716 2981 se
1726 2931 1822 2982 babent.

1305 3093 1471 3151 clenni.
1496 3093 1564 3170 (ιι.)

1083 3275 1198 3337 Principio
1208 3278 1361 3340 creavitlleus
1370 3277 1457 3326 coelum
1467 3283 1491 3327 et
1501 3280 1597 3327 terram.
1632 3279 1686 3327 llrec
1694 3292 1772 3340 quum
1783 3276 1828 3326 sub

1051 3370 1202 3429 conspectum
1219 3381 1267 3417 non
1284 3369 1387 3428 reniret,
1405 3369 1453 3418 alta
1467 3374 1554 3432 quippe
1574 3371 1674 3432 caligine
1689 3373 1825 3439 occultata,

1051 3459 1135 3521 spiritu
1153 3464 1234 3509 nutem
1251 3473 1303 3510 eam
1320 3475 1420 3524 superne
1439 3464 1588 3524 permeante,
1604 3464 1682 3513 lucem
1697 3467 1766 3513 Deras
1778 3463 1827 3512 lieri

1049 3555 1128 3615 jussit.
1143 3559 1202 3614 Quae
1214 3569 1288 3618 quum
1297 3556 1437 3616 eiiuisisset,
1449 3562 1498 3605 tota
1505 3556 1567 3606 mole
1572 3557 1733 3619 considerata,
1746 3559 1826 3608 lucem

1050 3650 1182 3699 atenebris
1197 3651 1312 3711 secrevit,
1331 3655 1355 3701 et
1373 3652 1483 3701 tenebras
1501 3652 1599 3714 quidem
1618 3659 1726 3713 nucum,
1746 3654 1826 3703 lucem

1051 3757 1107 3794 veru
1116 3744 1179 3793 diem
1192 3745 1333 3808 appellarit,
1343 3749 1367 3794 et
1378 3745 1503 3794 exordium
1519 3746 1580 3794 lucis
1591 3751 1615 3795 et
1632 3747 1825 3809 quietisvinilium

1052 3852 1174 3903 uesperam
1185 3844 1210 3888 ct
1224 3851 1292 3888 mnue
1307 3840 1446 3888 nominauit.
1479 3844 1558 3902 Atque
1572 3840 1622 3888 base
1633 3840 1730 3903 quidem
1750 3843 1826 3903 prima
1842 3869 1847 3878 ·

1051 3933 1102 3983 dies
1113 3934 1206 3982 exstitit
1224 3947 1231 3980 ε
1244 3936 1338 3995 Moyses
1347 3939 1427 3982 nutem
1445 3946 1517 3981 uuam
1532 3946 1585 3981 earn
1602 3933 1671 3981 dixit.
1703 3933 1780 3994 cujus
1791 3931 1825 3981 rei

995 4047 1002 4068 ι
1050 4041 1146 4076 cunam
1163 4041 1256 4089 possem
1268 4027 1379 4089 equidem
1395 4031 1420 4076 et
1439 4039 1505 4076 nunc
1517 4025 1618 4100 reddere
1637 4025 1825 4088 :sedquoniam

1051 4123 1169 4184 pollicitus
1179 4135 1234 4170 sum
1249 4135 1287 4170 me
1296 4121 1402 4170 omnium
1413 4133 1498 4170 causas
1514 4122 1609 4183 proprio
1626 4120 1747 4169 volumine
1766 4133 1821 4169 oon-

229 4227 442 4308 συφφραρᾶμεςος
454 4222 746 4307 ,fflp23ffi02w‚51410'12
761 4223 805 4281 καί
823 4221 870 4294 τὴν
885 4223 945 4302 περὶ
959 4226 1007 4281 αὖ.
1051 4219 1150 4280 scriptas
1160 4217 1294 4275 editurum,
1306 4217 1331 4263 in
1348 4214 1407 4263 illud
1421 4220 1516 4276 tempus
1532 4220 1556 4263 et
1574 4214 1673 4274 huiusce
1690 4213 1826 4275 explicatio·

189 4319 274 4385 ίϋτῆς
300 4315 436 4394 ἑρμηνείαν
463 4313 656 4390 ἀναῦαλοῦμαι.
698 4309 774 4371 lieet
808 4307 839 4380 δὴ
868 4315 946 4368 τοῦτο
971 4314 1005 4389 τῇ
1050 4326 1104 4361 ποια
1120 4312 1236 4361 dilleram.
1268 4308 1553 4360 l‘ostbaeesecundadis
1571 4310 1658 4358 coelum
1675 4308 1824 4364 universitati

229 4401 398 4481 δευτέρρτῶν
410 4405 515 4482 ἡμερῶν
528 4399 572 4458 τνον
581 4397 687 4478 οὐρανὸν
701 4406 753 4464 τοῖς
766 4396 833 4462 dios<
848 4396 1001 4468 ἐπιτίθησιν,
1019 4453 1023 4459 ,
1050 4419 1130 4454 rerum
1147 4403 1344 4466 superimposuit,
1354 4401 1418 4464 quod
1436 4402 1514 4464 ipsum
1527 4401 1635 4449 sceleris
1646 4400 1778 4449 discretum
1794 4401 1823 4447 tn

229 4487 267 4546 ὅτι
282 4490 358 4546 αὐτὸν
372 4489 422 4546 ἀπὸ
434 4493 484 4546 τῶν
505 4489 590 4546 ἀλλων
603 4485 734 4567 διακρίνας
744 4487 801 4543 καθ’
818 4483 895 4541 αὑτὸν
911 4483 1006 4554 ἠξίωσε
1049 4500 1154 4549 sublimi
1164 4511 1206 4560 per
1221 4497 1393 4546 semilonium
1408 4509 1460 4546 me
1471 4495 1587 4555 voluerim
1604 4491 1820 4556 aymuumqueei

228 4576 366 4654 τετάχθων
388 4574 548 4655 κθύῦῖαλδθνν
563 4599 590 4632 ῖῑ
610 4571 755 4652 περιπήξας
775 4573 846 4648 αὐτῷ
860 4570 905 4628 καί
923 4569 1005 4628 νότων
1049 4587 1725 4651 circumdans‚terraequeconvenienterbnmidumipsum
1736 4586 1825 4634 taciens

229 4662 306 4720 αὐτὸν
321 4661 365 4720 καὶ
380 4663 491 4735 ‘stiffi’
501 4663 564 4744 πρὸς
573 4662 619 4732 τὴν
630 4661 681 4718 ἀπὸ
693 4663 743 4718 τῶν
755 4657 852 4740 δρόσων
867 4658 1004 4737 ὢφνθνανι
1050 4697 1074 4742 et
1083 4692 1204 4754 plunnium,
1216 4695 1244 4739 ut
1253 4690 1341 4740 imbres
1351 4694 1431 4738 esseut
1441 4689 1473 4737 ad
1484 4687 1533 4736 soli
1546 4686 1729 4736 immunditatem.
1744 4685 1824 4734 Tertia

189 4764 215 4802 νν
230 4750 359 4830 νίνίνννννν
375 4755 407 4828 νῇ
422 4755 455 4828 νῇ
470 4748 696 4828 μνθνννννμνννν
737 4743 818 4826 TW
831 4743 905 4825 νρνννθ
918 4743 1005 4815 ννννννι
1050 4807 1106 4842 vern
1123 4793 1161 4842 die
1177 4798 1263 4842 terram
1279 4791 1375 4850 statuit,
1395 4790 1456 4838 mari
1472 4788 1623 4850 undiquaque
1639 4785 1822 4844 circumfusam

229 4838 276 4908 ννίν
290 4841 348 4914 γῆν
368 4835 480 4915 νννχννν
494 4835 553 4916 νννν
571 4833 651 4905 ννννννν
663 4835 710 4905 ννν
724 4833 865 4892 νννννννν
882 4835 941 4890 ναν
954 4833 1003 4888 ννν
1049 4893 1179 4956 eodemque
1188 4893 1226 4942 die
1234 4891 1348 4941 contiuuo
1357 4889 1445 4952 plantes
1458 4889 1529 4938 simul
1540 4893 1564 4938 et
1573 4887 1685 4937 seminae
1694 4889 1823 4937 terresunt

229 4924 276 4995 τὴν
292 4922 588 5002 δὲταύιηντὴνὴμέραν
599 4920 746 5002 εινιθθςφυτά
760 4944 787 4979 τε
802 4920 847 4980 καί
863 4917 1004 4999 σπέρματα
1361 4991 1367 5002 0
1708 4985 1722 4998 ..
1805 4984 1811 4995 ι

230 5017 306 5090 γῆθεν
321 5010 432 5069 ἀνέτειλε
482 5013 524 5089 Τῇ
540 5008 566 5066 δὲ
578 5008 688 5088 τετάρτη
699 5011 835 5083 διακοσμεῖ
843 5006 887 5065 τδν
896 5008 1003 5088 οὐρανὸν
1048 4998 1140 5043 ⁰¹⁰f¹⁸·
1172 4997 1330 5051 Q⁰⁸¹¹³V⁸f⁰
1343 4991 1481 5040 ‘hemum
1500 4988 1550 5038 ⁸⁰¹⁰
1566 4987 1666 5094 {cium
1683 4985 1823 5087 ³¹n⁸¹i¹¹⁶⁸¹J

229 5098 295 5180 ἡλίῳ
309 5099 352 5158 καί
363 5097 459 5178 σελήνῃ
468 5096 513 5155 καί
525 5099 577 5162 τοῖς
588 5095 674 5160 ἀλλοις
687 5094 804 5173 ἄστροις,
823 5094 935 5164 κινήσεις
950 5097 1004 5152 αὖ.
1048 5088 1145 5138 denibus
1160 5086 1321 5146 collustravit,
1337 5086 1417 5134 omnia
1430 5097 1460 5132 εο
1473 5086 1539 5132 motu
1557 5097 1613 5130 cren
1633 5092 1751 5143 cursuque
1767 5078 1821 5125 ierrr

190 5209 217 5246 ευ
230 5196 283 5253 τοῖς
292 5184 438 5252 ἐπιστείλας
452 5185 495 5244 καί
508 5180 631 5264 δρονμους,
648 5176 684 5248 οἷς
695 5181 726 5239 ἀν
742 5185 768 5239 αί
784 5185 836 5238 τῶν
849 5185 922 5261 ὡρῶν
935 5203 1005 5261 περι·
1047 5173 1823 5244 ίϋθθΰδ,θῦθῑθθὶῐὶῦῐθ1ὓίθῐῦβθῡίᾶἰῦῐΰθθθίῑθίθὸῖίθθίῦθῦθίῧθθ

229 5274 306 5355 φοραί
327 5273 434 5356 φανεραί
455 5271 630 5349 σημαίνοιντο.
670 5268 789 5348 ’Πέμπιη
808 5269 831 5327 δ’
849 5267 935 5348 ἡμέρα
951 5268 1004 5350 ζῷά
1024 5315 1028 5325 ,
1050 5276 1218 5326 indicarentur.
1251 5275 1340 5332 erinta
1357 5287 1415 5324 sero
1429 5272 1624 5332 dieenimsntis,
1641 5285 1697 5320 cum
1717 5268 1822 5319 natatilia
