3859 6084
61 540 160 615 (τηοσε.)

59 694 103 727 τειν
114 671 178 747 αὐτῷ
191 666 303 725 είσιίναι.
347 667 401 727 Καί
408 667 524 725 πείθεται
537 668 584 745 μίν
593 668 733 750 Ὑρκανὸς,
742 693 806 750 προ·

59 758 164 825 δι’ίληται
176 757 197 811 δ’
209 754 292 811 αἰτίαν
308 760 354 825 τῆς
370 756 558 821 ἀποκωλύσεως
570 756 600 814 τδ
612 758 649 833 μὴ
666 760 718 816 δεῖν
731 758 807 836 ὄχλον

58 842 181 901 ι’ίλοδαπὸν
191 841 336 917 ἁγνεύοντος
346 842 507 922 είσδίχεσθαι
515 850 561 902 τοῦ
570 846 691 915 πλήθους.
732 846 807 906 Ὀλί-

56 956 90 1005 γον
103 930 125 987 δὲ
138 929 268 1009 ρροντίσας
280 928 398 1005 Ἡρώδης
412 934 462 988 τῶν
480 930 597 1008 ἀγγελων
611 932 714 1012 νύκτωρ
729 933 806 992 είαει-

56 1042 86 1075 σιν
96 1022 126 1082 εἰς
141 1016 185 1085 τὴν
201 1018 284 1086 πολιν,
299 1017 343 1075 καί
359 1018 465 1097 ροόερδς
480 1018 527 1092 μὲν
541 1010 573 1087 ἧν
590 1024 628 1100 τῷ
648 1021 807 1100 Μαλίχῳ,θ

55 1109 70 1161 δ’
83 1108 120 1162 οὐκ
131 1105 211 1175 ἀνίησι
226 1104 273 1174 τὴν
284 1104 427 1182 ὑπόκρισιν,
443 1108 501 1163 ἀλλ’
512 1106 619 1186 ἐδάκρυε
635 1108 677 1165 τὸν
689 1108 808 1166 Ἀντίπα·

56 1216 99 1269 τρον
111 1192 150 1249 καὶ
162 1194 312 1251 ἀνεκαλεῖτο
328 1196 444 1272 ρανεριῖς
457 1197 492 1258 ir<
508 1194 600 1273 ρίλος,
613 1194 697 1273 κρύρα
713 1195 740 1251 δὲ
755 1218 803 1275 ρυ-

57 1279 120 1348 lexin
130 1284 172 1336 τοῦ
185 1279 305 1352 σώματος
319 1281 438 1340 ἐποιεῖτο.
479 1278 572 1348 Ἔδοξε
584 1279 611 1339 δδ
624 1282 733 1348 καὶτοῖς
749 1282 809 1361 περὶ

57 1364 153 1444 Ἡρώδην
170 1365 206 1441 μὴ
220 1367 376 1445 ἀπελέγχειν
387 1369 466 1425 αύτοΐν
479 1365 526 1438 τὴν
545 1368 726 1445 προσποίησιν,
740 1366 808 1426 ἀλλά

57 1454 89 1509 καὶ
103 1452 185 1519 αὐτούς
205 1456 240 1520 εἷς
260 1454 291 1513 τὸ
310 1453 458 1513 ἀνύποπτον
479 1457 745 1535 ἀντιριλορρονεῖσθαι
764 1456 809 1514 τὸν

58 1543 165 1617 Μάλιχον.

86 1629 139 1703 (θ’.)
151 1627 183 1692 ς’.
193 1628 303 1707 Κασσίῳ
310 1626 398 1702 μέντοι
404 1628 464 1707 περὶ
471 1632 516 1699 τῆς
526 1630 645 1699 τελευτῆς
654 1635 698 1687 τοῦ
713 1630 809 1707 πατρὸς

57 1716 152 1790 Ἱίρώδης
165 1715 316 1773 ἐπέσταλκε.
359 1717 484 1782 Κάκεῖνος
497 1716 570 1782 εἰδὼς
582 1708 634 1782 οἶος
644 1715 684 1788 είη
694 1716 737 1775 τὸν
752 1717 809 1795 τρύ·

58 1826 91 1858 τοι
103 1806 211 1880 ,λίάλιχος
224 1802 406 1861 ἀντεπέστειλε
422 1796 544 1884 τιμωρεῖν
558 1808 596 1883 τῷ
607 1804 688 1882 πατρί
702 1804 747 1863 καί
761 1805 810 1863 λά-

49 1896 91 1966 θρα
100 1889 230 1965 διαπέμπει
244 1889 309 1969 πρδς
322 1888 381 1956 τούς
394 1893 420 1948 ἐν
432 1890 512 1969 Τύριρ
520 1890 685 1971 χιλιάρχους,
697 1891 809 1950 κελεύων

58 1976 126 2042 αύτούς
139 1977 315 2057 συμπράττειν
327 1976 447 2055 Ἡρώδη,
457 1977 545 2035 δίκαια
564 1978 681 2053 μελλοντι
694 1979 809 2059 πράξειν.

58 2064 92 2129 Ὡς
115 2063 139 2121 δὲ
167 2064 323 2124 Λαοδίκειαν
347 2065 473 2145 ᾑρηκότος
498 2064 615 2125 Κασσίου
641 2065 705 2144 πρδς
731 2066 809 2124 αὐτὸν

57 2152 151 2229 ἀπῄεσαν
169 2157 255 2233 κοινῇ,
270 2153 411 2234 στεράνους
429 2176 457 2209 τε
472 2155 542 2233 αὐτῷ
557 2152 602 2210 καί
618 2153 743 2232 χρήματα
758 2176 809 2211 κο-

57 2242 161 2319 μίζοντες,
173 2241 293 2321 Ἡρώδης
307 2241 354 2317 μὲν
365 2242 509 2321 προσεδόκα
521 2240 612 2299 δώσειν
626 2242 669 2299 τὸν
686 2241 807 2320 Μάλιχον

45 2329 160 2407 ιτιμωρίαν
173 2334 225 2388 ἐκεῖ
236 2328 386 2408 γενόμενον,
398 2334 413 2387 θ
427 2327 454 2387 δὲ
465 2328 524 2409 περὶ
535 2328 620 2408 Τύρον
630 2333 676 2400 τῆς
686 2328 811 2400 Φοινίκης

58 2417 182 2491 ύτιδόμενος
201 2416 231 2475 ei
255 2426 368 2497 πρᾶγμα
388 2415 512 2493 μειζόνων
537 2417 679 2497 ίρήπτετο,
700 2416 809 2474 καὶτοῦ

57 2504 126 2567 παιδος
139 2507 213 2563 αὐτοῦ
227 2504 401 2585 ὁμηρεύοντος
412 2507 438 2561 ἐν
452 2502 550 2584 Τύρῳ,
565 2502 700 2583 παρελθών
717 2506 752 2568 είς
763 2501 810 2573 τὴν

58 2591 113 2645 πολιν
125 2590 184 2669 ἔγνω
196 2592 288 2651 τοῦτόν
301 2616 330 2650 τε
347 2591 509 2672 ὑπεκκλέψαι
520 2591 565 2649 καί
577 2594 612 2657 εἰς
623 2588 669 2661 τὴν
683 2590 811 2649 Ἰουδαίαν

58 2678 161 2757 ἀπαίρειν,
184 2680 342 2747 σπεύδοντός
358 2702 388 2739 τε
413 2682 454 2739 ἀπ’
479 2678 614 2738 Ἀντώνιον
638 2678 757 2738 Κασσίου
781 2677 811 2734 τὸ

43 2763 111 2831 rtem
122 2768 266 2839 ἀποστήσας
280 2766 358 2833 αὐτὸς
372 2766 420 2838 riv
434 2766 519 2845 ἀρχὴν
538 2765 660 2833 καθέξειν.
702 2769 764 2831 Τοῖς
783 2764 810 2821 δὲ

60 2856 241 2930 pertendet<
258 2857 314 2913 ὅτε
333 2854 434 2931 δαίμων
455 2852 598 2931 ἀντάπραξε
619 2852 664 2911 καί
678 2853 758 2918 δεινδς
772 2850 807 2911 ών

58 2938 165 3015 Ἡρώδης,
177 2943 222 3015 τὴν
243 2942 398 3023 προαίρεσιν
411 2943 491 2999 αὐτοῦ
503 2940 681 3016 κατανοήσας,
695 2962 808 3019 προεισ-

58 3028 139 3105 πέμψας
150 3034 308 3109 θεράποντα,
327 3027 364 3109 τῷ
380 3027 428 3103 μὲν
449 3031 531 3086 δοκεῖν
547 3027 590 3085 ἐπὶ
604 3027 707 3085 δείπνου
721 3050 808 3105 παρα-

59 3115 145 3187 σκευὴν,
159 3119 218 3192 (καί
233 3118 284 3198 γάρ
303 3116 431 3175 ἑστιάσειν
446 3115 537 3181 αὐτούς
551 3114 668 3180 ἅπαντας
687 3114 810 3193 προειρή·

42 3208 111 3277 ωιτη)
125 3210 175 3270 ταῖς
189 3206 215 3263 δὲ
226 3204 361 3275 ἀληθείαις
374 3202 436 3283 πρδς
450 3202 507 3267 τοὺς
520 3202 688 3282 χιλιάρχους,
704 3201 811 3269 ἐξελθεῖν

59 3290 89 3344 ἐπὶ
100 3291 209 3369 λίάλιχον
229 3294 316 3350 πείθει
328 3291 395 3365 μετὰ
410 3291 535 3370 ξιριδίων.
577 3293 612 3349 Οἱ
631 3289 652 3347 δ’
670 3288 810 3356 ἐξελθόντες

58 3377 90 3433 καί
101 3380 199 3449 πλησίον
220 3385 266 3450 τῆς
290 3379 389 3446 πολεως
407 3382 478 3457 αὐτῷ
499 3376 679 3457 περιτυχόντες
700 3376 743 3433 ἐπὶ
765 3380 809 3432 τοῦ

58 3465 153 3537 αἰγιαλοῦ
168 3472 354 3524 κατακεντοῦσι
370 3467 413 3523 τὸν
428 3465 518 3545 ἀνδρα.
561 3463 687 3543 Ὑρκανὸς
706 3460 753 3539 μὲν
767 3454 810 3520 ούν

58 3550 90 3605 'un'
99 3554 232 3623 ἐκπλήξεως
242 3560 290 3612 τοῦ
301 3552 434 3631 γεγονότος
448 3556 482 3619 εἷς
496 3552 610 3632 ἀγωνίαν
621 3552 732 3630 ἐτράπη.
756 3548 811 3609 λίό·

42 3636 85 3700 iio
94 3640 111 3694 δ’
123 3644 257 3719 ἀνενεγκὼν
272 3641 430 3700 ἐπυνθάνετο
443 3644 493 3698 τῶν
514 3639 574 3718 περί
587 3639 630 3697 τδν
648 3638 770 3717 Ἡρώδην
786 3636 811 3694 τί

58 3730 101 3781 τοτ’
113 3727 147 3797 είη
161 3727 188 3786 τδ
200 3726 372 3806 γεγενημένον
385 3726 431 3785 καί
450 3725 487 3792 τίς
501 3730 514 3783 θ
529 3728 650 3803 Μάλιχον
665 3721 809 3804 ἀνῃρηκώς.

59 3810 168 3871 Eteonos
182 3816 208 3873 δὲ
230 3816 350 3874 Κάσσιον
372 3820 447 3872 τοῦτο
471 3813 630 3893 προστάξαι,
651 3811 759 3888 ἐπῄνεσε
781 3810 811 3867 τδ

59 3896 126 3973 ἔργον·
137 3902 244 3981 πονηρὸν
258 3901 311 3981 γάρ
332 3892 480 3960 εἶναιπάνυ
495 3902 597 3969 καὶτῆς
617 3897 738 3976 πατρίδος
752 3896 811 3953 ἐπί-

59 3983 139 4045 toulon.
178 3992 230 4048 Καὶ
245 3990 367 4067 Μάλιχος
389 3988 436 4064 μὲν
450 3986 546 4056 ταύτην
564 3987 629 4065 ὑπὲρ
644 3990 689 4055 τῆς
703 3987 738 4051 είς
756 3984 812 4041 Ἀν-

43 4072 161 4154 ντίτατρον
173 4076 340 4157 παρανομίας
354 4075 426 4146 δίκην
440 4074 544 4141 ἐξέτισε.

486 513 490 519 ’
548 538 675 613 auaro.
696 538 777 599 uun.
800 540 869 600 tro.
891 540 966 601 νιν.
988 542 1070 601 our.
1093 542 1141 601 ut.

1398 543 1521 622 [unns]
1563 556 1620 608 553

853 676 886 729 ita
897 680 964 739 lecit,
980 680 1053 743 idque
1066 694 1108 743 per
1121 680 1223 743 speciem
1237 680 1378 743 prohibendi
1387 680 1569 745 alienigenarum
1580 690 1629 735 tur·

852 784 908 832 hem
917 786 941 832 ia
951 784 1075 833 lustratam
1086 784 1262 833 multitudinem
1272 784 1374 834 admitti.
1399 788 1631 846 supercommune

852 890 994 938 nunciorum
1007 890 1096 939 ratione
1114 888 1207 947 habita,
1218 896 1289 939 noctu
1308 890 1439 951 ingreditur
1450 892 1473 941 in
1492 892 1590 953 urbem,
1607 897 1632 942 et

852 995 954 1044 Malictro
965 996 1060 1057 quidem
1075 997 1188 1043 terrorem
1201 995 1343 1051 incutiebat,
1359 996 1398 1044 tric
1417 1010 1472 1045 reru
1482 997 1540 1047 nituit
1556 998 1586 1047 dc
1597 998 1631 1047 si·

853 1104 983 1153 mutatione
997 1104 1110 1163 remittit,
1128 1103 1172 1154 aed
1186 1104 1336 1165 Antipatrum
1346 1105 1467 1167 plorabat,
1482 1110 1507 1155 ot
1518 1107 1594 1169 palam
1605 1112 1632 1156 ut

852 1208 944 1257 amicus
955 1210 1110 1269 inclamabat,
1126 1209 1168 1259 aed
1184 1210 1245 1259 cmm
1261 1210 1368 1273 eorporis
1384 1213 1421 1261 sui
1433 1213 1564 1262 aristodium
1579 1227 1631 1275 age·

855 1316 904 1367 bat.
937 1316 1025 1367 llerodi
1037 1322 1115 1367 sutem
1128 1318 1207 1367 risum
1219 1324 1256 1368 est
1266 1319 1317 1380 ejus
1325 1320 1501 1370 simulationem
1514 1336 1560 1371 non
1570 1336 1626 1370 coar

853 1440 937 1487 gnere,
949 1426 990 1475 sed
1011 1426 1041 1474 ud
1054 1426 1183 1476 tollendam
1198 1426 1356 1489 suspicionem
1370 1442 1424 1477 cum
1438 1429 1488 1477 suis
1500 1442 1553 1477 enm
1564 1430 1632 1477 vicis·

854 1532 901 1582 sim
912 1534 1013 1583 conuitu
1028 1535 1142 1596 accipere.

886 1638 959 1697 (llll.)
976 1644 1000 1685 ο.
1017 1636 1170 1704 ΑῑίειιιιειιεθΙ
1186 1638 1296 1685 cassium
1314 1638 1344 1687 de
1364 1638 1430 1688 obitu
1449 1640 1523 1700 patris
1540 1640 1635 1701 scripsit

855 1730 969 1780 limoties.
981 1736 1057 1793 arqrre
1069 1730 1123 1791 ille,
1133 1732 1266 1793 satensqno
1274 1733 1367 1793 ingenio
1376 1738 1439 1782 esset
1448 1733 1576 1791 llaticlrns,
1590 1735 1637 1782 lle.

854 1824 907 1875 rodi
917 1823 1039 1885 rescripsit
1049 1826 1075 1872 ut
1085 1828 1176 1886 patrem
1187 1826 1340 1873 ulcisceretur
1351 1840 1357 1873 ι
1371 1828 1396 1875 ct
1408 1825 1635 1887 tridentinorum

855 1924 936 1983 eram,
950 1921 1012 1970 elam
1031 1920 1143 1969 mandata
1154 1922 1241 1982 mittit,
1259 1926 1284 1969 ut
1297 1922 1414 1971 llerodem
1427 1923 1471 1984 ipsi
1482 1922 1635 1983 adiuuarent,

855 2014 896 2074 qui
916 2028 986 2077 nque
1006 2014 1112 2063 tarrturus
1131 2021 1203 2064 esset.
1236 2016 1311 2077 capta
1331 2020 1413 2064 autem
1436 2028 1451 2065 a
1471 2018 1554 2065 cassio
1576 2020 1634 2065 iao.

855 2108 935 2169 dicea,
948 2122 1024 2171 quum
1036 2110 1195 2159 communiter
1212 2107 1242 2158 ad
1254 2108 1333 2171 ipsum
1348 2110 1459 2168 ivissent,
1470 2124 1569 2159 temnas
1579 2112 1601 2160 ei
1611 2114 1636 2160 ol

855 2210 981 2273 pecuniam
992 2210 1105 2270 terentes,
1116 2210 1227 2273 sperabat
1238 2209 1335 2273 quidem
1348 2210 1454 2260 uerodes
1472 2210 1521 2260 tore
1534 2214 1559 2261 ut
1572 2218 1636 2274 post·

855 2316 927 2366 quam
944 2317 974 2353 eo
991 2304 1082 2353 reniret
1098 2304 1213 2353 Matienus
1231 2318 1313 2367 poenes
1332 2303 1413 2365 daret,
1433 2305 1472 2353 ille
1488 2318 1559 2366 vero,
1571 2308 1635 2369 apud

855 2400 945 2458 Tyrum
963 2398 1088 2447 Plroenices
1110 2412 1159 2447 rent
1178 2398 1435 2460 suspectamlralrens,
1455 2399 1544 2460 majora
1558 2400 1635 2448 ntoliri

856 2490 928 2551 caepit
937 2509 942 2537 ι
950 2494 983 2547 et.
991 2489 1133 2554 quumiiliuu
1142 2490 1194 2552 ejus
1201 2492 1257 2552 Tprl
1264 2491 1334 2541 obses
1345 2496 1487 2549 seruaretur,
1498 2492 1634 2541 inanimum

855 2588 950 2638 induxit
961 2594 989 2637 ut
1005 2588 1124 2649 ingressus
1144 2589 1168 2638 in
1187 2590 1270 2639 urbem
1290 2603 1344 2639 eum
1358 2590 1499 2653 surriperet,
1512 2594 1536 2639 ei
1553 2590 1578 2639 in
1590 2594 1634 2641 lu·

856 2684 933 2733 darem
951 2686 1148 2747 proficisceretur,
1161 2690 1198 2745 et,
1212 2686 1271 2735 dnm
1290 2690 1426 2749 properaret
1436 2687 1550 2737 adversus
1561 2693 1635 2737 Anto-

856 2783 922 2831 nium
932 2783 1042 2843 Cassitts,
1053 2787 1122 2843 gente
1132 2782 1161 2831 ad
1174 2783 1332 2833 delectionem
1347 2784 1473 2847 perducta,
1486 2788 1634 2847 potentatum

856 2882 957 2942 ipsemet
968 2886 1102 2942 oocuparet.
1136 2882 1182 2931 Sed
1195 2882 1299 2931 consiliis
1315 2883 1367 2944 rjus
1384 2887 1410 2930 et
1422 2886 1486 2932 Deus
1498 2883 1598 2943 restitit,
1610 2888 1635 2931 et

857 2974 961 3021 llerodes
979 2974 1050 3021 horno
1061 2976 1169 3033 astutus,
1185 2974 1350 3023 arrimadrerso
1364 2974 1427 3025 illius
1446 2977 1581 3039 proposito,
1594 2990 1636 3039 per

856 3070 971 3119 tantulum
986 3071 1149 3132 promissum,
1162 3070 1239 3132 specie
1255 3071 1285 3119 ad
1299 3070 1426 3133 parandam
1440 3084 1548 3129 omnam,
1562 3076 1570 3129 (
1582 3086 1635 3121 rraru

855 3183 938 3217 onrues
949 3170 979 3217 ed
989 3170 1128 3219 conuitium
1141 3170 1295 3231 inritauerat,
1305 3170 1313 3231 )
1325 3184 1349 3219 re
1361 3172 1440 3220 autern
1454 3185 1509 3221 uera
1521 3172 1550 3219 ad
1563 3172 1636 3220 tribu·

856 3281 913 3327 nos,
927 3266 1054 3330 persuadet
1065 3266 1112 3315 iltis
1128 3268 1154 3315 ut
1166 3266 1195 3315 ad
1208 3266 1335 3315 ltalieluun
1352 3280 1407 3316 cum
1420 3268 1563 3329 pugionibus
1573 3282 1635 3327 egre·

855 3362 977 3411 darentur.
1009 3360 1046 3409 liti
1057 3374 1113 3409 rere
1124 3361 1225 3422 egressi,
1234 3374 1336 3422 euntque
1346 3360 1370 3408 in
1382 3360 1462 3411 littore
1470 3375 1541 3423 prope
1553 3362 1635 3410 urlreur

856 3463 931 3523 nacti,
943 3462 1065 3511 hominem
1078 3462 1248 3511 transfodiunt.
1280 3466 1333 3521 Quo
1344 3461 1406 3511 laeto
1418 3462 1450 3509 ita
1464 3461 1561 3524 quidem
1573 3466 1636 3511 atto·

855 3561 920 3611 uitus
931 3564 969 3610 est
980 3562 1117 3621 Hyromos,
1128 3564 1155 3609 ut
1163 3558 1268 3620 nunejus
1278 3558 1397 3608 deterserit.
1407 3538 1419 3545 “
1431 3560 1476 3609 Ubi
1483 3566 1563 3607 antem
1573 3574 1636 3620 agre

855 3658 885 3707 ad
894 3671 921 3707 se
934 3657 1015 3718 rediit,
1025 3657 1112 3719 quarn
1124 3657 1154 3705 ab
1166 3654 1259 3705 llerode
1270 3655 1383 3718 quidnam
1395 3655 1535 3713 accidisset,
1546 3662 1570 3703 ot
1581 3658 1636 3717 quis

855 3754 983 3805 ltalirlrom
994 3754 1129 3804 occidisset.
1148 3756 1276 3814 Quumque
1291 3751 1325 3800 iili
1339 3752 1448 3801 Cassium
1459 3750 1482 3799 id
1490 3751 1590 3813 jussisse
1601 3752 1635 3801 di·

856 3857 947 3906 xissent
953 3892 960 3917 ,
969 3855 1075 3906 laudavit
1085 3855 1174 3905 laetum
1183 3873 1189 3902 ι
1199 3854 1317 3902 hominem
1328 3852 1391 3901 enim
1403 3864 1505 3913 nequam
1516 3852 1636 3901 exstitisse

856 3954 881 4000 et
889 3951 972 4013 patriae
988 3950 1160 3999 insidiatorem.
1193 3950 1224 3997 ltl
1236 3948 1279 3996 iras
1288 3946 1384 4007 quidem
1395 3958 1437 4007 pro
1449 3946 1537 3996 scelere
1551 3948 1575 3994 ln
1588 3950 1635 3995 tn-

856 4055 969 4118 tipetrum
977 4054 1079 4103 adrrrisso
1091 4064 1175 4115 prunas
1184 4049 1297 4113 persolvit
1307 4048 1433 4097 llaliohus.

87 4164 111 4227 ζ’,
131 4165 244 4223 Κασσίου
260 4168 285 4223 δ’
305 4167 336 4223 εχ
352 4164 449 4242 Συρίας
461 4163 608 4242 ἀπάραντος
621 4158 724 4237 ταραχὴ
744 4159 811 4235 μίγη.
887 4160 912 4206 7.
928 4156 1012 4205 Cassio
1025 4160 1104 4203 arrum
1123 4168 1152 4202 cr
1171 4152 1238 4212 syria
1252 4151 1358 4213 proiecte
1371 4151 1446 4199 oritur
1458 4152 1481 4199 in
1493 4149 1577 4199 Judaea
1595 4153 1632 4199 iu·

59 4268 90 4303 δ’*
98 4250 210 4323 uario-lo
220 4252 361 4312 Ἰουδαίαν·
375 4250 454 4319 'Elii
462 4250 512 4331 γὰρ
522 4249 681 4329 ὑπολειφθεὶς
694 4252 719 4305 ἓν
731 4246 813 4328 ‘lipo-
857 4264 956 4313 multus·
991 4263 1057 4313 llelts
1068 4262 1147 4319 enim,
1160 4258 1255 4308 relictus
1266 4258 1435 4319 Hierosolymis
1448 4270 1503 4305 cunr
1516 4257 1631 4317 exercitu,

59 4336 159 4409 σίλίμοίς
171 4339 238 4413 μετὰ
253 4348 379 4419 στρατιᾶς
396 4338 517 4418 ὥρμησεν
530 4339 573 4396 ἐπὶ
585 4336 742 4409 ψασάηλονι
758 4335 813 4392 5³¹
858 4371 881 4419 in
892 4367 1032 4418 Ptresaelum
1040 4366 1154 4427 impeturn
1164 4365 1226 4423 tecit,
1239 4368 1262 4411 et
1275 4364 1377 4425 populus
1388 4376 1453 4410 arma
1464 4360 1572 4422 sumpsit
1586 4364 1635 4409 lle·

60 4420 122 4494 ἦμος
135 4429 157 4483 ἐν
171 4425 257 4495 ὅπλοις
280 4418 320 4499 ἦν.
362 4426 481 4505 Ἡρώδης
499 4424 611 4505 δὲπαρά
629 4422 733 4483 ustrou
750 4426 813 4481 ἐπο-

43 4510 133 4581 δρεύετο
151 4516 175 4570 ἐν
197 4518 334 4593 Δαμασκῷ
358 4519 565 4593 στρατηγοῦντα,
589 4510 634 4570 καί
662 4510 814 4588 βουλόμενος

62 4601 215 4678 προσδραμεῖν
225 4602 288 4681 πρὸς
298 4601 341 4659 τδν
351 4599 460 4680 ἀδελρδν
471 4599 520 4658 θπδ
529 4600 605 4658 νόσου
616 4597 757 4669 κωλύεται,
767 4597 814 4664 ἕως

63 4674 85 4737 ού
94 4688 225 4758 Φασάηλος
237 4690 270 4748 δι’
279 4694 357 4747 αὑτοῦ
369 4688 477 4755 Ἕλικος
489 4689 610 4767 κρείττων
624 4684 757 4765 γενόμενος
771 4709 814 4743 κα.
859 4702 885 4738 se
896 4690 1033 4750 superatum
1048 4686 1152 4735 llciioem
1166 4684 1286 4745 compellit
1300 4683 1323 4729 in
1336 4682 1432 4739 turrita,
1445 4692 1472 4727 ec
1490 4677 1576 4727 deiude
1594 4692 1636 4739 per

60 4768 814 4856 'ukstltstlffl'tfbltftssfitt0222114335ss6⁶ss0l30ldiist·
858 4790 1054 4851 compositionem
1074 4786 1184 4843 dimittit,
1203 4790 1227 4833 et
1249 4787 1384 4845 Hyrcanum
1402 4783 1544 4842 accusabat,
1570 4782 1635 4845 quod

61 4860 141 4927 σι’τόν
160 4887 187 4920 ³⁸
206 4862 332 4945 Ὑρκανὸν
347 4864 491 4943 ‘mim’
505 4866 540 4928 ὡς
554 4860 639 4920 πολλὰ
654 4859 701 4937 μὲν
720 4850 747 4916 ὦ
762 4882 813 4915 Μ’
859 4897 939 4945 multis
950 4889 1482 4958 pereosbenettciisatlectushostesatljutet.
1515 4892 1575 4938 liam
1587 4892 1636 4938 ilia·

42 4946 174 5055 ιοίντίιῦπ,
185 4952 496 5059 ίῦτῶνῧσυμπδάπίντα
517 4949 544 5057 δὲ
557 4957 613 5058 τοῖς,
630 4952 738 5057 ἐρίοις
789 4950 814 5051 1⁰
860 5002 914 5050 ticlri
926 5002 997 5049 trater
1011 5014 1057 5047 uon
1068 5012 1142 5060 pauca
1155 5001 1206 5046 turn
1219 4998 1284 5057 loca,
1301 4995 1330 5044 ad
1341 4996 1498 5045 delectionem
1509 4994 1635 5057 perducta,

61 5051 101 5109 γαρ
113 5038 210 5117 αοελρος
223 5042 344 5115 λίαλιχου
356 5060 415 5095 τοτε
427 5059 578 5107 αποστησας
588 5059 634 5094 ουκ
644 5038 719 5111 ολιγα
729 5052 814 5112 χωρια

858 4478 927 4526 rodes
939 4490 996 4525 uero
1011 4475 1108 4525 lintrium
1120 4472 1200 4523 adibat
1213 4472 1322 4521 Damasci
1337 4471 1487 4533 pratrrotrrm,
1505 4468 1635 4530 nolensque

859 4585 889 4634 ad
900 4585 996 4634 tratrem
1008 4594 1115 4643 currere,
1125 4582 1209 4630 morbo
1219 4579 1356 4642 impeditur,
1366 4577 1442 4625 dorrec
1455 4576 1582 4625 t‘lrasaelus
1594 4590 1635 4637 per

987 5107 1094 5165 tenebat,
1106 5105 1227 5168 inquibus
1239 5107 1262 5154 et
1272 5103 1393 5154 llasadam
1405 5104 1511 5151 omniurn
1525 5102 1634 5151 mutuitis-

61 5118 174 5196 5?p'1¹3ptt,
188 5125 231 5183 καὶ
246 5125 375 5185 Μασάδαν
387 5123 417 5183 τὸ
430 5126 535 5181 πάντων
550 5122 731 5202 ἐρυμνότατον.
749 5118 813 5177 Ἐπὶ
859 5110 968 5173 diffidi)

63 5204 101 5273 μὲν
112 5200 149 5265 οὖν
161 5212 252 5269 τούτων
267 5212 356 5293 ραίσας
376 5215 390 5268 δ
404 5210 522 5291 Ἡρώδης
536 5214 566 5268 ἐκ
578 5216 623 5279 τῆς
637 5209 712 5267 νόσου
727 5230 813 5286 παρα·
859 5214 954 5262 situum.
988 5209 1056 5261 ilaud
1076 5210 1108 5259 ita
1125 5211 1201 5258 rrrutto
1216 5214 1269 5272 post
1287 5208 1405 5275 llerodes,
1420 5208 1459 5257 uiri
1471 5206 1635 5264 convaluerat,
