<?xml version="1.0" encoding="UTF-8"?>
<!DOCTYPE html PUBLIC "-//W3C//DTD XHTML 1.0 Transitional//EN"
    "http://www.w3.org/TR/xhtml1/DTD/xhtml1-transitional.dtd">
<html xmlns="http://www.w3.org/1999/xhtml" xml:lang="en" lang="en">
 <head>
  <title>
</title>
<meta http-equiv="Content-Type" content="text/html;charset=utf-8" />
  <meta name='ocr-system' content='tesseract 3.04.00' />
  <meta name='ocr-capabilities' content='ocr_page ocr_carea ocr_par ocr_line ocrx_word'/>
</head>
<body>
  <div class='ocr_page' id='page_1' title='image "./operagraeceetla01dindgoog/operagraeceetla01dindgoog_0762.png"; bbox 0 0 3859 6084; ppageno 0'>
   <div class='ocr_carea' id='block_1_1' title="bbox 228 482 523 587">
    <p class='ocr_par' dir='ltr' id='par_1_1' title="bbox 228 482 523 587">
     <span class='ocr_line' id='line_1_1' title="bbox 228 482 523 587; baseline 0.027 -34"><span class='ocrx_word' id='word_1_1' title='bbox 228 550 230 553; x_wconf 86' lang='lat'>.</span> <span class='ocrx_word' id='word_1_2' title='bbox 304 508 361 561; x_wconf 80' lang='lat' dir='ltr'>tto</span> <span class='ocrx_word' id='word_1_3' title='bbox 398 482 523 587; x_wconf 64' lang='grc' dir='ltr'>Ι(ιιίιςοιετ)</span> 
     </span>
    </p>
   </div>
   <div class='ocr_carea' id='block_1_2' title="bbox 196 620 1072 5328">
    <p class='ocr_par' dir='ltr' id='par_1_2' title="bbox 299 620 1072 963">
     <span class='ocr_line' id='line_1_2' title="bbox 300 620 1072 711; baseline 0.022 -34"><span class='ocrx_word' id='word_1_4' title='bbox 300 621 350 677; x_wconf 86' lang='grc' dir='ltr'>θων</span> <span class='ocrx_word' id='word_1_5' title='bbox 365 620 551 701; x_wconf 81' lang='grc' dir='ltr'>ἀνθρώπων-εἰς</span> <span class='ocrx_word' id='word_1_6' title='bbox 560 623 645 702; x_wconf 75' lang='grc' dir='ltr'>ὀλίγον</span> <span class='ocrx_word' id='word_1_7' title='bbox 651 626 753 708; x_wconf 77' lang='grc' dir='ltr'>χωρίον</span> <span class='ocrx_word' id='word_1_8' title='bbox 761 634 993 711; x_wconf 87' lang='grc' dir='ltr'>καθειργνυμένων,</span> <span class='ocrx_word' id='word_1_9' title='bbox 1005 632 1072 693; x_wconf 87' lang='grc' dir='ltr'>ῶοτε</span> 
     </span>
     <span class='ocr_line' id='line_1_3' title="bbox 299 705 1072 797; baseline 0.025 -35"><span class='ocrx_word' id='word_1_10' title='bbox 299 705 403 764; x_wconf 80' lang='grc' dir='ltr'>εἰσιόντι</span> <span class='ocrx_word' id='word_1_11' title='bbox 426 706 656 790; x_wconf 64' lang='grc' dir='ltr'>τήν.,ἰπιχείρησιν</span> <span class='ocrx_word' id='word_1_12' title='bbox 678 713 849 791; x_wconf 86' lang='grc' dir='ltr'>ποιήσασθαι,</span> <span class='ocrx_word' id='word_1_13' title='bbox 871 719 1005 797; x_wconf 86' lang='grc' dir='ltr'>δυνάμεως</span> <span class='ocrx_word' id='word_1_14' title='bbox 1020 730 1072 789; x_wconf 85' lang='grc' dir='ltr'>τοῖς</span> 
     </span>
     <span class='ocr_line' id='line_1_4' title="bbox 299 796 1071 885; baseline 0.025 -36"><span class='ocrx_word' id='word_1_15' title='bbox 299 796 492 867; x_wconf 76' lang='grc' dir='ltr'>ὑπασπισταῖς,Ι</span> <span class='ocrx_word' id='word_1_16' title='bbox 501 799 523 855; x_wconf 91' lang='grc' dir='ltr'>εἰ</span> <span class='ocrx_word' id='word_1_17' title='bbox 532 796 579 855; x_wconf 88' lang='grc' dir='ltr'>καί</span> <span class='ocrx_word' id='word_1_18' title='bbox 591 821 656 866; x_wconf 88' lang='grc' dir='ltr'>τινες</span> <span class='ocrx_word' id='word_1_19' title='bbox 670 804 851 880; x_wconf 82' lang='grc' dir='ltr'>προθυμοῖντο,</span> <span class='ocrx_word' id='word_1_20' title='bbox 864 805 901 882; x_wconf 77' lang='grc' dir='ltr'>μή</span> <span class='ocrx_word' id='word_1_21' title='bbox 912 806 1071 885; x_wconf 81' lang='grc' dir='ltr'>παρατευξο-</span> 
     </span>
     <span class='ocr_line' id='line_1_5' title="bbox 301 878 586 963; baseline 0.028 -27"><span class='ocrx_word' id='word_1_22' title='bbox 301 878 379 955; x_wconf 89' lang='grc' dir='ltr'>μένης</span> <span class='ocrx_word' id='word_1_23' title='bbox 394 884 464 963; x_wconf 81' lang='grc' dir='ltr'>αὐτῷ</span> <span class='ocrx_word' id='word_1_24' title='bbox 474 888 586 962; x_wconf 78' lang='grc' dir='ltr'>βοηθεῖν.</span> 
     </span>
    </p>

    <p class='ocr_par' dir='ltr' id='par_1_3' title="bbox 270 969 1071 1405">
     <span class='ocr_line' id='line_1_6' title="bbox 270 969 1071 1061; baseline 0.021 -36"><span class='ocrx_word' id='word_1_25' title='bbox 270 987 283 1025; x_wconf 81' lang='grc' dir='ltr'>ο</span> <span class='ocrx_word' id='word_1_26' title='bbox 338 969 383 1027; x_wconf 72' lang='grc' dir='ltr'>ιδ’.</span> <span class='ocrx_word' id='word_1_27' title='bbox 407 970 541 1051; x_wconf 85' lang='grc' dir='ltr'>Ἦνείχετο</span> <span class='ocrx_word' id='word_1_28' title='bbox 556 972 583 1031; x_wconf 84' lang='grc' dir='ltr'>δὲ</span> <span class='ocrx_word' id='word_1_29' title='bbox 599 974 725 1055; x_wconf 85' lang='grc' dir='ltr'>Χαιρέας,</span> <span class='ocrx_word' id='word_1_30' title='bbox 747 977 854 1036; x_wconf 82' lang='grc' dir='ltr'>καὶτῶν</span> <span class='ocrx_word' id='word_1_31' title='bbox 870 985 981 1061; x_wconf 85' lang='grc' dir='ltr'>θεωριῶν</span> <span class='ocrx_word' id='word_1_32' title='bbox 993 984 1071 1041; x_wconf 83' lang='grc' dir='ltr'>ἰπελ-</span> 
     </span>
     <span class='ocr_line' id='line_1_7' title="bbox 299 1058 1069 1150; baseline 0.023 -38"><span class='ocrx_word' id='word_1_33' title='bbox 299 1058 398 1114; x_wconf 91' lang='grc' dir='ltr'>θουσῶν</span> <span class='ocrx_word' id='word_1_34' title='bbox 411 1059 445 1136; x_wconf 85' lang='grc' dir='ltr'>τῇ</span> <span class='ocrx_word' id='word_1_35' title='bbox 461 1081 482 1115; x_wconf 92' lang='grc' dir='ltr'>π</span> <span class='ocrx_word' id='word_1_36' title='bbox 498 1058 552 1138; x_wconf 82' lang='grc' dir='ltr'>ώτη</span> <span class='ocrx_word' id='word_1_37' title='bbox 575 1061 726 1139; x_wconf 82' lang='grc' dir='ltr'>δεδογμένον</span> <span class='ocrx_word' id='word_1_38' title='bbox 740 1063 868 1125; x_wconf 76' lang='grc' dir='ltr'>ἅπτεσθαι</span> <span class='ocrx_word' id='word_1_39' title='bbox 883 1072 928 1144; x_wconf 74' lang='grc' dir='ltr'>τῆς</span> <span class='ocrx_word' id='word_1_40' title='bbox 940 1070 1069 1150; x_wconf 78' lang='grc' dir='ltr'>πράξεως,</span> 
     </span>
     <span class='ocr_line' id='line_1_8' title="bbox 298 1080 1070 1234; baseline 0.021 -33"><span class='ocrx_word' id='word_1_41' title='bbox 298 1141 463 1224; x_wconf 79' lang='grc' dir='ltr'>ἰσχυρότερον</span> <span class='ocrx_word' id='word_1_42' title='bbox 477 1080 509 1218; x_wconf 68' lang='grc' dir='ltr'>ἰν</span> <span class='ocrx_word' id='word_1_43' title='bbox 521 1152 566 1205; x_wconf 90' lang='grc' dir='ltr'>τοῦ</span> <span class='ocrx_word' id='word_1_44' title='bbox 585 1152 643 1207; x_wconf 84' lang='grc' dir='ltr'>κατ’</span> <span class='ocrx_word' id='word_1_45' title='bbox 660 1150 762 1211; x_wconf 60' lang='grc' dir='ltr'>ἐκείνου</span> <span class='ocrx_word' id='word_1_46' title='bbox 776 1153 1027 1234; x_wconf 79' lang='grc' dir='ltr'>προύεόουλευκότος</span> <span class='ocrx_word' id='word_1_47' title='bbox 1040 1158 1070 1217; x_wconf 81' lang='grc' dir='ltr'>τὸ</span> 
     </span>
     <span class='ocr_line' id='line_1_9' title="bbox 294 1230 1066 1328; baseline 0.025 -41"><span class='ocrx_word' id='word_1_48' title='bbox 294 1234 340 1301; x_wconf 72' lang='grc' dir='ltr'>τῆς</span> <span class='ocrx_word' id='word_1_49' title='bbox 353 1230 435 1310; x_wconf 84' lang='grc' dir='ltr'>τύχης</span> <span class='ocrx_word' id='word_1_50' title='bbox 450 1242 601 1313; x_wconf 81' lang='grc' dir='ltr'>συγχωροῦν</span> <span class='ocrx_word' id='word_1_51' title='bbox 618 1238 770 1319; x_wconf 83' lang='grc' dir='ltr'>θπερθολάς·</span> <span class='ocrx_word' id='word_1_52' title='bbox 787 1241 832 1300; x_wconf 85' lang='grc' dir='ltr'>καί</span> <span class='ocrx_word' id='word_1_53' title='bbox 847 1241 894 1308; x_wconf 79' lang='grc' dir='ltr'>τὰς</span> <span class='ocrx_word' id='word_1_54' title='bbox 909 1250 1066 1328; x_wconf 81' lang='grc' dir='ltr'>τρεῖςθπερ·</span> 
     </span>
     <span class='ocr_line' id='line_1_10' title="bbox 295 1316 1071 1405; baseline 0.024 -30"><span class='ocrx_word' id='word_1_55' title='bbox 295 1316 440 1403; x_wconf 80' lang='grc' dir='ltr'>ῦαλομένου</span> <span class='ocrx_word' id='word_1_56' title='bbox 451 1321 498 1388; x_wconf 81' lang='grc' dir='ltr'>τίς</span> <span class='ocrx_word' id='word_1_57' title='bbox 507 1322 630 1399; x_wconf 81' lang='grc' dir='ltr'>νομίμους</span> <span class='ocrx_word' id='word_1_58' title='bbox 639 1324 835 1405; x_wconf 80' lang='grc' dir='ltr'>ἡμέρας,μόλις</span> <span class='ocrx_word' id='word_1_59' title='bbox 844 1330 912 1389; x_wconf 83' lang='grc' dir='ltr'>κατίι</span> <span class='ocrx_word' id='word_1_60' title='bbox 920 1335 971 1404; x_wconf 73' lang='grc' dir='ltr'>τήν</span> <span class='ocrx_word' id='word_1_61' title='bbox 984 1336 1071 1393; x_wconf 88' lang='grc' dir='ltr'>τελευ·</span> 
     </span>
    </p>

    <p class='ocr_par' dir='ltr' id='par_1_4' title="bbox 254 1402 1070 1849">
     <span class='ocr_line' id='line_1_11' title="bbox 254 1402 1069 1499; baseline 0.027 -39"><span class='ocrx_word' id='word_1_62' title='bbox 254 1420 282 1461; x_wconf 81' lang='lat' dir='ltr'>to</span> <span class='ocrx_word' id='word_1_63' title='bbox 296 1402 372 1462; x_wconf 81' lang='grc' dir='ltr'>τοίαν</span> <span class='ocrx_word' id='word_1_64' title='bbox 389 1407 475 1474; x_wconf 82' lang='grc' dir='ltr'>αύτοῒς</span> <span class='ocrx_word' id='word_1_65' title='bbox 492 1408 612 1488; x_wconf 87' lang='grc' dir='ltr'>ἰπράχθη</span> <span class='ocrx_word' id='word_1_66' title='bbox 629 1411 659 1469; x_wconf 80' lang='grc' dir='ltr'>τὸ</span> <span class='ocrx_word' id='word_1_67' title='bbox 683 1412 767 1493; x_wconf 81' lang='grc' dir='ltr'>ἔργον.</span> <span class='ocrx_word' id='word_1_68' title='bbox 809 1420 924 1497; x_wconf 77' lang='grc' dir='ltr'>Χοιρέας</span> <span class='ocrx_word' id='word_1_69' title='bbox 949 1418 978 1479; x_wconf 75' lang='grc' dir='ltr'>δέ</span> <span class='ocrx_word' id='word_1_70' title='bbox 1004 1446 1069 1499; x_wconf 88' lang='grc' dir='ltr'>συγ-</span> 
     </span>
     <span class='ocr_line' id='line_1_12' title="bbox 295 1491 1070 1579; baseline 0.025 -30"><span class='ocrx_word' id='word_1_71' title='bbox 295 1491 408 1559; x_wconf 75' lang='grc' dir='ltr'><strong>καλέσας</strong></span> <span class='ocrx_word' id='word_1_72' title='bbox 428 1496 487 1561; x_wconf 84' lang='grc' dir='ltr'>τοίις</span> <span class='ocrx_word' id='word_1_73' title='bbox 507 1496 673 1573; x_wconf 82' lang='grc' dir='ltr'>συνωμότας,</span> <span class='ocrx_word' id='word_1_74' title='bbox 692 1525 702 1551; x_wconf 85' lang='grc' dir='ltr'>ι</span> <span class='ocrx_word' id='word_1_75' title='bbox 724 1498 803 1569; x_wconf 79' lang='grc' dir='ltr'>πολύς</span> <span class='ocrx_word' id='word_1_76' title='bbox 826 1502 882 1579; x_wconf 79' lang='grc' dir='ltr'>μὲν,</span> <span class='ocrx_word' id='word_1_77' title='bbox 906 1496 1039 1578; x_wconf 79' lang='grc' dir='ltr'>εἰπε,καῖ</span> <span class='ocrx_word' id='word_1_78' title='bbox 1055 1512 1070 1567; x_wconf 87' lang='grc' dir='ltr'>ό</span> 
     </span>
     <span class='ocr_line' id='line_1_13' title="bbox 296 1580 1069 1671; baseline 0.023 -35"><span class='ocrx_word' id='word_1_79' title='bbox 296 1580 507 1659; x_wconf 84' lang='grc' dir='ltr'>ιπαρεληλυθὼς</span> <span class='ocrx_word' id='word_1_80' title='bbox 530 1582 623 1663; x_wconf 83' lang='grc' dir='ltr'>χρόνος</span> <span class='ocrx_word' id='word_1_81' title='bbox 642 1586 757 1647; x_wconf 82' lang='grc' dir='ltr'>ὠνείδισε</span> <span class='ocrx_word' id='word_1_82' title='bbox 781 1592 811 1648; x_wconf 86' lang='grc' dir='ltr'>τδ</span> <span class='ocrx_word' id='word_1_83' title='bbox 835 1591 974 1669; x_wconf 78' lang='grc' dir='ltr'>ἐπιμέλλον</span> <span class='ocrx_word' id='word_1_84' title='bbox 994 1599 1069 1671; x_wconf 60' lang='grc' dir='ltr'>ἀρκῶν</span> 
     </span>
     <span class='ocr_line' id='line_1_14' title="bbox 294 1666 1068 1758; baseline 0.025 -34"><span class='ocrx_word' id='word_1_85' title='bbox 294 1692 307 1716; x_wconf 81' lang='grc' dir='ltr'>ι</span> <span class='ocrx_word' id='word_1_86' title='bbox 322 1666 365 1725; x_wconf 80' lang='grc' dir='ltr'>ἐπὶ</span> <span class='ocrx_word' id='word_1_87' title='bbox 379 1668 431 1735; x_wconf 87' lang='grc' dir='ltr'>τοῖς</span> <span class='ocrx_word' id='word_1_88' title='bbox 446 1666 513 1727; x_wconf 80' lang='grc' dir='ltr'>οὕτω</span> <span class='ocrx_word' id='word_1_89' title='bbox 534 1673 692 1748; x_wconf 85' lang='grc' dir='ltr'>βουλευθεῖοι</span> <span class='ocrx_word' id='word_1_90' title='bbox 704 1674 771 1753; x_wconf 83' lang='grc' dir='ltr'>μετά</span> <span class='ocrx_word' id='word_1_91' title='bbox 787 1679 887 1758; x_wconf 79' lang='grc' dir='ltr'>ἀρετῆς·</span> <span class='ocrx_word' id='word_1_92' title='bbox 909 1680 989 1740; x_wconf 79' lang='grc' dir='ltr'>δεινὸν</span> <span class='ocrx_word' id='word_1_93' title='bbox 1002 1684 1031 1741; x_wconf 81' lang='grc' dir='ltr'>δὲ</span> <span class='ocrx_word' id='word_1_94' title='bbox 1046 1686 1068 1743; x_wconf 85' lang='grc' dir='ltr'>εἰ</span> 
     </span>
     <span class='ocr_line' id='line_1_15' title="bbox 295 1752 1069 1849; baseline 0.03 -43"><span class='ocrx_word' id='word_1_95' title='bbox 295 1770 309 1805; x_wconf 86' lang='grc' dir='ltr'>ἰι</span> <span class='ocrx_word' id='word_1_96' title='bbox 322 1752 368 1810; x_wconf 82' lang='grc' dir='ltr'>καί</span> <span class='ocrx_word' id='word_1_97' title='bbox 392 1753 541 1831; x_wconf 81' lang='grc' dir='ltr'>μηνύματος</span> <span class='ocrx_word' id='word_1_98' title='bbox 560 1760 696 1835; x_wconf 84' lang='grc' dir='ltr'>γενομένου</span> <span class='ocrx_word' id='word_1_99' title='bbox 718 1763 879 1824; x_wconf 79' lang='grc' dir='ltr'>διαπεσεῖται</span> <span class='ocrx_word' id='word_1_100' title='bbox 891 1772 908 1838; x_wconf 77' lang='grc' dir='ltr'>ἡ</span> <span class='ocrx_word' id='word_1_101' title='bbox 922 1768 1014 1849; x_wconf 75' lang='grc' dir='ltr'>πρᾶξις</span> <span class='ocrx_word' id='word_1_102' title='bbox 1024 1770 1069 1829; x_wconf 87' lang='grc' dir='ltr'>καὶ</span> 
     </span>
    </p>

    <p class='ocr_par' dir='ltr' id='par_1_5' title="bbox 249 1840 1069 3155">
     <span class='ocr_line' id='line_1_16' title="bbox 257 1840 1069 1931; baseline 0.02 -31"><span class='ocrx_word' id='word_1_103' title='bbox 257 1862 280 1900; x_wconf 80' lang='lat' dir='ltr'>to</span> <span class='ocrx_word' id='word_1_104' title='bbox 295 1866 307 1891; x_wconf 88' lang='grc' dir='ltr'>ιι</span> <span class='ocrx_word' id='word_1_105' title='bbox 323 1840 402 1907; x_wconf 82' lang='grc' dir='ltr'>Γάϊος</span> <span class='ocrx_word' id='word_1_106' title='bbox 413 1842 497 1922; x_wconf 82' lang='grc' dir='ltr'>θύριεῖ</span> <span class='ocrx_word' id='word_1_107' title='bbox 506 1844 636 1920; x_wconf 80' lang='grc' dir='ltr'>μειζόνως.</span> <span class='ocrx_word' id='word_1_108' title='bbox 676 1844 714 1909; x_wconf 86' lang='grc' dir='ltr'><em>Ἦ</em></span> <span class='ocrx_word' id='word_1_109' title='bbox 724 1851 773 1929; x_wconf 84' lang='grc' dir='ltr'>οὐχ</span> <span class='ocrx_word' id='word_1_110' title='bbox 782 1855 882 1931; x_wconf 83' lang='grc' dir='ltr'>δρῶμεν</span> <span class='ocrx_word' id='word_1_111' title='bbox 894 1858 928 1922; x_wconf 84' lang='grc' dir='ltr'>ὡς</span> <span class='ocrx_word' id='word_1_112' title='bbox 939 1860 986 1928; x_wconf 83' lang='grc' dir='ltr'>τῆς</span> <span class='ocrx_word' id='word_1_113' title='bbox 997 1858 1069 1916; x_wconf 73' lang='grc' dir='ltr'>ἕλευ·</span> 
     </span>
     <span class='ocr_line' id='line_1_17' title="bbox 296 1928 1069 2023; baseline 0.022 -37"><span class='ocrx_word' id='word_1_114' title='bbox 296 1928 411 2007; x_wconf 73' lang='grc' dir='ltr'>«θερίας</span> <span class='ocrx_word' id='word_1_115' title='bbox 427 1932 586 2013; x_wconf 73' lang='grc' dir='ltr'>ἀφαιροῦμεν</span> <span class='ocrx_word' id='word_1_116' title='bbox 600 1933 697 2003; x_wconf 89' lang='grc' dir='ltr'>θπόοας</span> <span class='ocrx_word' id='word_1_117' title='bbox 716 1941 766 1996; x_wconf 90' lang='grc' dir='ltr'>τῶν</span> <span class='ocrx_word' id='word_1_118' title='bbox 789 1944 892 2020; x_wconf 80' lang='grc' dir='ltr'>ἡμερῶν</span> <span class='ocrx_word' id='word_1_119' title='bbox 907 1946 942 2009; x_wconf 85' lang='grc' dir='ltr'>εἰς</span> <span class='ocrx_word' id='word_1_120' title='bbox 954 1944 1069 2023; x_wconf 77' lang='grc' dir='ltr'>προσθή-</span> 
     </span>
     <span class='ocr_line' id='line_1_18' title="bbox 295 2014 1069 2105; baseline 0.025 -33"><span class='ocrx_word' id='word_1_121' title='bbox 295 2042 306 2064; x_wconf 82' lang='grc' dir='ltr'>ι</span> <span class='ocrx_word' id='word_1_122' title='bbox 318 2022 432 2088; x_wconf 85' lang='grc' dir='ltr'>αην-τοῦ</span> <span class='ocrx_word' id='word_1_123' title='bbox 454 2020 477 2077; x_wconf 88' lang='grc' dir='ltr'><strong>Γ</strong></span> <span class='ocrx_word' id='word_1_124' title='bbox 478 2014 535 2077; x_wconf 85' lang='grc' dir='ltr'>αῖου</span> <span class='ocrx_word' id='word_1_125' title='bbox 559 2022 689 2100; x_wconf 83' lang='grc' dir='ltr'>τυραννίδι</span> <span class='ocrx_word' id='word_1_126' title='bbox 705 2026 881 2105; x_wconf 81' lang='grc' dir='ltr'>χαριζόμεθα,</span> <span class='ocrx_word' id='word_1_127' title='bbox 901 2030 958 2088; x_wconf 88' lang='grc' dir='ltr'>δέον</span> <span class='ocrx_word' id='word_1_128' title='bbox 978 2031 1069 2099; x_wconf 83' lang='grc' dir='ltr'>αὐτούς</span> 
     </span>
     <span class='ocr_line' id='line_1_19' title="bbox 295 2099 1068 2183; baseline 0.027 -25"><span class='ocrx_word' id='word_1_129' title='bbox 295 2127 306 2151; x_wconf 72' lang='grc' dir='ltr'>ν</span> <span class='ocrx_word' id='word_1_130' title='bbox 324 2101 348 2158; x_wconf 83' lang='grc' dir='ltr'>τ’</span> <span class='ocrx_word' id='word_1_131' title='bbox 362 2104 443 2169; x_wconf 83' lang='grc' dir='ltr'>ἀδεεῖς</span> <span class='ocrx_word' id='word_1_132' title='bbox 454 2102 484 2161; x_wconf 85' lang='grc' dir='ltr'>τὸ</span> <span class='ocrx_word' id='word_1_133' title='bbox 502 2106 590 2165; x_wconf 85' lang='grc' dir='ltr'>λοιπὸν</span> <span class='ocrx_word' id='word_1_134' title='bbox 604 2099 669 2167; x_wconf 83' lang='grc' dir='ltr'>εἰναι</span> <span class='ocrx_word' id='word_1_135' title='bbox 692 2111 737 2169; x_wconf 83' lang='grc' dir='ltr'>καί</span> <span class='ocrx_word' id='word_1_136' title='bbox 759 2122 812 2181; x_wconf 84' lang='grc' dir='ltr'>τοῖς</span> <span class='ocrx_word' id='word_1_137' title='bbox 826 2114 913 2183; x_wconf 80' lang='grc' dir='ltr'>ἀλλοις</span> <span class='ocrx_word' id='word_1_138' title='bbox 924 2118 1010 2177; x_wconf 80' lang='grc' dir='ltr'>αἰτίαν</span> <span class='ocrx_word' id='word_1_139' title='bbox 1022 2126 1068 2179; x_wconf 81' lang='grc' dir='ltr'>τοῦ</span> 
     </span>
     <span class='ocr_line' id='line_1_20' title="bbox 294 2188 1066 2273; baseline 0.026 -27"><span class='ocrx_word' id='word_1_140' title='bbox 294 2188 469 2267; x_wconf 76' lang='grc' dir='ltr'>«εὐδαίμονος</span> <span class='ocrx_word' id='word_1_141' title='bbox 482 2194 666 2273; x_wconf 81' lang='grc' dir='ltr'>παρασχόντας</span> <span class='ocrx_word' id='word_1_142' title='bbox 680 2198 714 2255; x_wconf 87' lang='grc' dir='ltr'>δι’</span> <span class='ocrx_word' id='word_1_143' title='bbox 728 2201 818 2267; x_wconf 85' lang='grc' dir='ltr'>αἰῶνος</span> <span class='ocrx_word' id='word_1_144' title='bbox 831 2201 943 2271; x_wconf 80' lang='grc' dir='ltr'>ἅπαντας</span> <span class='ocrx_word' id='word_1_145' title='bbox 954 2215 1007 2272; x_wconf 90' lang='grc' dir='ltr'>τοῖς</span> <span class='ocrx_word' id='word_1_146' title='bbox 1019 2198 1066 2266; x_wconf 75' lang='grc' dir='ltr'>αθ·</span> 
     </span>
     <span class='ocr_line' id='line_1_21' title="bbox 252 2277 1067 2369; baseline 0.028 -39"><span class='ocrx_word' id='word_1_147' title='bbox 252 2293 279 2333; x_wconf 79' lang='grc' dir='ltr'>ευ</span> <span class='ocrx_word' id='word_1_148' title='bbox 294 2301 305 2326; x_wconf 77' lang='grc' dir='ltr'>ι</span> <span class='ocrx_word' id='word_1_149' title='bbox 323 2279 360 2343; x_wconf 92' lang='grc' dir='ltr'>θις</span> <span class='ocrx_word' id='word_1_150' title='bbox 373 2278 399 2334; x_wconf 80' lang='grc' dir='ltr'>έν</span> <span class='ocrx_word' id='word_1_151' title='bbox 409 2277 523 2355; x_wconf 79' lang='grc' dir='ltr'>θαύματι</span> <span class='ocrx_word' id='word_1_152' title='bbox 533 2283 694 2362; x_wconf 81' lang='grc' dir='ltr'>μεγάλῳκαὶ</span> <span class='ocrx_word' id='word_1_153' title='bbox 708 2292 772 2366; x_wconf 80' lang='grc' dir='ltr'>τιμῇ</span> <span class='ocrx_word' id='word_1_154' title='bbox 787 2296 964 2369; x_wconf 59' lang='grc' dir='ltr'>καταστῆναη</span> <span class='ocrx_word' id='word_1_155' title='bbox 980 2320 993 2345; x_wconf 78' lang='grc' dir='ltr'>ν</span> <span class='ocrx_word' id='word_1_156' title='bbox 1005 2298 1067 2355; x_wconf 86' lang='grc' dir='ltr'>Τῶν</span> 
     </span>
     <span class='ocr_line' id='line_1_22' title="bbox 295 2358 1068 2453; baseline 0.03 -35"><span class='ocrx_word' id='word_1_157' title='bbox 295 2358 392 2421; x_wconf 81' lang='grc' dir='ltr'>δίόῦτε</span> <span class='ocrx_word' id='word_1_158' title='bbox 411 2367 538 2424; x_wconf 88' lang='grc' dir='ltr'>ἀντειπεῖν</span> <span class='ocrx_word' id='word_1_159' title='bbox 556 2372 591 2435; x_wconf 82' lang='grc' dir='ltr'>ὡς</span> <span class='ocrx_word' id='word_1_160' title='bbox 611 2372 640 2430; x_wconf 81' lang='grc' dir='ltr'>οὗ</span> <span class='ocrx_word' id='word_1_161' title='bbox 655 2371 723 2430; x_wconf 89' lang='grc' dir='ltr'>πάνυ</span> <span class='ocrx_word' id='word_1_162' title='bbox 739 2376 825 2441; x_wconf 87' lang='grc' dir='ltr'>καλῶς</span> <span class='ocrx_word' id='word_1_163' title='bbox 842 2377 995 2453; x_wconf 86' lang='grc' dir='ltr'>δυναμένων</span> <span class='ocrx_word' id='word_1_164' title='bbox 1009 2380 1068 2441; x_wconf 82' lang='grc' dir='ltr'>οὔτε</span> 
     </span>
     <span class='ocr_line' id='line_1_23' title="bbox 293 2446 1066 2541; baseline 0.03 -37"><span class='ocrx_word' id='word_1_165' title='bbox 293 2446 340 2523; x_wconf 72' lang='grc' dir='ltr'>τήν</span> <span class='ocrx_word' id='word_1_166' title='bbox 354 2450 444 2529; x_wconf 78' lang='grc' dir='ltr'>πρᾶξιν</span> <span class='ocrx_word' id='word_1_167' title='bbox 457 2452 573 2534; x_wconf 82' lang='grc' dir='ltr'>ἄντικρυς</span> <span class='ocrx_word' id='word_1_168' title='bbox 592 2456 749 2537; x_wconf 85' lang='grc' dir='ltr'>δεχομένων,</span> <span class='ocrx_word' id='word_1_169' title='bbox 767 2467 828 2541; x_wconf 79' lang='grc' dir='ltr'>σιγῇ</span> <span class='ocrx_word' id='word_1_170' title='bbox 845 2462 872 2522; x_wconf 76' lang='grc' dir='ltr'>δέ</span> <span class='ocrx_word' id='word_1_171' title='bbox 894 2470 1066 2540; x_wconf 86' lang='grc' dir='ltr'>καταπεπλη-</span> 
     </span>
     <span class='ocr_line' id='line_1_24' title="bbox 291 2532 1066 2636; baseline 0.027 -43"><span class='ocrx_word' id='word_1_172' title='bbox 291 2535 384 2613; x_wconf 87' lang='grc' dir='ltr'>γότων,</span> <span class='ocrx_word' id='word_1_173' title='bbox 400 2566 411 2591; x_wconf 81' lang='grc' dir='ltr'>ιι</span> <span class='ocrx_word' id='word_1_174' title='bbox 430 2538 470 2610; x_wconf 88' lang='grc' dir='ltr'>τί,</span> <span class='ocrx_word' id='word_1_175' title='bbox 490 2540 577 2619; x_wconf 84' lang='grc' dir='ltr'>φησίν,</span> <span class='ocrx_word' id='word_1_176' title='bbox 591 2532 612 2602; x_wconf 72' lang='lat' dir='ltr'>ds</span> <span class='ocrx_word' id='word_1_177' title='bbox 626 2554 751 2621; x_wconf 85' lang='grc' dir='ltr'>γενναῖοι,</span> <span class='ocrx_word' id='word_1_178' title='bbox 778 2550 965 2628; x_wconf 79' lang='grc' dir='ltr'>διαμέλλομενς</span> <span class='ocrx_word' id='word_1_179' title='bbox 984 2552 1066 2636; x_wconf 74' lang='grc' dir='ltr'>ήοῦχ</span> 
     </span>
     <span class='ocr_line' id='line_1_25' title="bbox 292 2625 1065 2724; baseline 0.032 -46"><span class='ocrx_word' id='word_1_180' title='bbox 292 2627 396 2705; x_wconf 63' lang='grc' dir='ltr'>«δρᾶτε</span> <span class='ocrx_word' id='word_1_181' title='bbox 421 2625 469 2698; x_wconf 79' lang='grc' dir='ltr'>τήν</span> <span class='ocrx_word' id='word_1_182' title='bbox 492 2630 604 2709; x_wconf 82' lang='grc' dir='ltr'>σήμερον</span> <span class='ocrx_word' id='word_1_183' title='bbox 617 2635 672 2690; x_wconf 90' lang='grc' dir='ltr'>Ιτῶν</span> <span class='ocrx_word' id='word_1_184' title='bbox 693 2640 803 2715; x_wconf 92' lang='grc' dir='ltr'>θεωριῶν</span> <span class='ocrx_word' id='word_1_185' title='bbox 824 2639 936 2712; x_wconf 80' lang='grc' dir='ltr'>ὑστάτην</span> <span class='ocrx_word' id='word_1_186' title='bbox 965 2643 1065 2724; x_wconf 81' lang='grc' dir='ltr'>ἡμέραν</span> 
     </span>
     <span class='ocr_line' id='line_1_26' title="bbox 249 2702 1065 2808; baseline 0.027 -40"><span class='ocrx_word' id='word_1_187' title='bbox 249 2729 275 2768; x_wconf 78' lang='lat' dir='ltr'>no</span> <span class='ocrx_word' id='word_1_188' title='bbox 290 2739 302 2763; x_wconf 90' lang='grc' dir='ltr'>ιι</span> <span class='ocrx_word' id='word_1_189' title='bbox 314 2702 393 2771; x_wconf 71' lang='grc' dir='ltr'>οὖσαν</span> <span class='ocrx_word' id='word_1_190' title='bbox 407 2714 452 2773; x_wconf 90' lang='grc' dir='ltr'>καί</span> <span class='ocrx_word' id='word_1_191' title='bbox 468 2716 552 2775; x_wconf 84' lang='grc' dir='ltr'>Γάϊον</span> <span class='ocrx_word' id='word_1_192' title='bbox 563 2720 798 2797; x_wconf 78' lang='grc' dir='ltr'>ἐκπλευσούμενονς</span> <span class='ocrx_word' id='word_1_193' title='bbox 816 2726 871 2801; x_wconf 79' lang='grc' dir='ltr'>(ἐπὶ</span> <span class='ocrx_word' id='word_1_194' title='bbox 884 2726 934 2808; x_wconf 73' lang='grc' dir='ltr'>γάρ</span> <span class='ocrx_word' id='word_1_195' title='bbox 947 2729 1065 2799; x_wconf 78' lang='grc' dir='ltr'>Ἀλεξαν·</span> 
     </span>
     <span class='ocr_line' id='line_1_27' title="bbox 290 2800 1062 2895; baseline 0.027 -41"><span class='ocrx_word' id='word_1_196' title='bbox 290 2828 301 2853; x_wconf 84' lang='grc' dir='ltr'>ι</span> <span class='ocrx_word' id='word_1_197' title='bbox 316 2800 400 2880; x_wconf 89' lang='grc' dir='ltr'>δρείας</span> <span class='ocrx_word' id='word_1_198' title='bbox 413 2804 610 2882; x_wconf 79' lang='grc' dir='ltr'>παρεσκεύαστο</span> <span class='ocrx_word' id='word_1_199' title='bbox 623 2808 698 2866; x_wconf 82' lang='grc' dir='ltr'>πλεῖν</span> <span class='ocrx_word' id='word_1_200' title='bbox 716 2809 785 2868; x_wconf 77' lang='grc' dir='ltr'>κατὰ</span> <span class='ocrx_word' id='word_1_201' title='bbox 800 2804 907 2893; x_wconf 80' lang='grc' dir='ltr'>θεωρίαν</span> <span class='ocrx_word' id='word_1_202' title='bbox 922 2821 968 2886; x_wconf 76' lang='grc' dir='ltr'>τῆς</span> <span class='ocrx_word' id='word_1_203' title='bbox 980 2818 1062 2895; x_wconf 65' lang='lat' dir='ltr'>nipt-</span> 
     </span>
     <span class='ocr_line' id='line_1_28' title="bbox 290 2889 1063 2982; baseline 0.027 -39"><span class='ocrx_word' id='word_1_204' title='bbox 290 2914 301 2938; x_wconf 84' lang='grc' dir='ltr'>ι</span> <span class='ocrx_word' id='word_1_205' title='bbox 317 2890 405 2966; x_wconf 76' lang='lat' dir='ltr'>rimu.)</span> <span class='ocrx_word' id='word_1_206' title='bbox 424 2889 523 2949; x_wconf 78' lang='grc' dir='ltr'>’ἰίαλθν</span> <span class='ocrx_word' id='word_1_207' title='bbox 532 2889 563 2949; x_wconf 75' lang='grc' dir='ltr'>’δὲ</span> <span class='ocrx_word' id='word_1_208' title='bbox 574 2896 638 2969; x_wconf 82' lang='grc' dir='ltr'>’ἡμῖν</span> <span class='ocrx_word' id='word_1_209' title='bbox 650 2894 774 2973; x_wconf 85' lang='grc' dir='ltr'>προέσθαι</span> <span class='ocrx_word' id='word_1_210' title='bbox 788 2902 839 2957; x_wconf 86' lang='grc' dir='ltr'>τῶν</span> <span class='ocrx_word' id='word_1_211' title='bbox 853 2903 946 2982; x_wconf 86' lang='grc' dir='ltr'>χειρῶν</span> <span class='ocrx_word' id='word_1_212' title='bbox 960 2905 990 2962; x_wconf 86' lang='grc' dir='ltr'>τὸ</span> <span class='ocrx_word' id='word_1_213' title='bbox 999 2906 1063 2964; x_wconf 89' lang='grc' dir='ltr'>όνει-</span> 
     </span>
     <span class='ocr_line' id='line_1_29' title="bbox 288 2972 1065 3071; baseline 0.026 -40"><span class='ocrx_word' id='word_1_214' title='bbox 288 3000 301 3025; x_wconf 72' lang='grc' dir='ltr'>α</span> <span class='ocrx_word' id='word_1_215' title='bbox 315 2975 371 3047; x_wconf 89' lang='grc' dir='ltr'>δος,</span> <span class='ocrx_word' id='word_1_216' title='bbox 383 2972 422 3055; x_wconf 78' lang='grc' dir='ltr'>τῇ</span> <span class='ocrx_word' id='word_1_217' title='bbox 431 2975 573 3055; x_wconf 85' lang='grc' dir='ltr'>Ῥωμαίων</span> <span class='ocrx_word' id='word_1_218' title='bbox 584 2983 750 3065; x_wconf 69' lang='grc' dir='ltr'>μεγαλαυχίᾳ</span> <span class='ocrx_word' id='word_1_219' title='bbox 761 2994 912 3062; x_wconf 79' lang='grc' dir='ltr'>πομπεῦσον</span> <span class='ocrx_word' id='word_1_220' title='bbox 922 2990 964 3049; x_wconf 88' lang='grc' dir='ltr'>διά</span> <span class='ocrx_word' id='word_1_221' title='bbox 978 3015 1006 3050; x_wconf 89' lang='grc' dir='ltr'>τε</span> <span class='ocrx_word' id='word_1_222' title='bbox 1017 2998 1065 3071; x_wconf 74' lang='grc' dir='ltr'>γῆς</span> 
     </span>
     <span class='ocr_line' id='line_1_30' title="bbox 288 3062 1062 3155; baseline 0.028 -39"><span class='ocrx_word' id='word_1_223' title='bbox 288 3087 301 3113; x_wconf 74' lang='grc' dir='ltr'>ι</span> <span class='ocrx_word' id='word_1_224' title='bbox 316 3062 360 3119; x_wconf 82' lang='grc' dir='ltr'>καί</span> <span class='ocrx_word' id='word_1_225' title='bbox 374 3063 519 3137; x_wconf 81' lang='grc' dir='ltr'>θαλάττης;</span> <span class='ocrx_word' id='word_1_226' title='bbox 535 3068 597 3132; x_wconf 87' lang='grc' dir='ltr'>Πῶς</span> <span class='ocrx_word' id='word_1_227' title='bbox 611 3068 637 3126; x_wconf 77' lang='grc' dir='ltr'>δὲ</span> <span class='ocrx_word' id='word_1_228' title='bbox 657 3072 702 3127; x_wconf 88' lang='grc' dir='ltr'>οὐκ</span> <span class='ocrx_word' id='word_1_229' title='bbox 717 3070 748 3128; x_wconf 86' lang='grc' dir='ltr'>ἀν</span> <span class='ocrx_word' id='word_1_230' title='bbox 763 3072 866 3141; x_wconf 85' lang='grc' dir='ltr'>δικαίως</span> <span class='ocrx_word' id='word_1_231' title='bbox 882 3077 1001 3155; x_wconf 87' lang='grc' dir='ltr'>κρίνομεν</span> <span class='ocrx_word' id='word_1_232' title='bbox 1014 3083 1062 3138; x_wconf 77' lang='grc' dir='ltr'>αὖ·</span> 
     </span>
    </p>

    <p class='ocr_par' dir='ltr' id='par_1_6' title="bbox 196 3147 1066 3233">
     <span class='ocr_line' id='line_1_31' title="bbox 196 3147 1066 3233; baseline 0.03 -34"><span class='ocrx_word' id='word_1_233' title='bbox 196 3158 197 3163; x_wconf 78' lang='grc'>’</span> <span class='ocrx_word' id='word_1_234' title='bbox 248 3164 274 3201; x_wconf 80' lang='grc' dir='ltr'>ου</span> <span class='ocrx_word' id='word_1_235' title='bbox 289 3174 300 3199; x_wconf 82' lang='grc' dir='ltr'>ι</span> <span class='ocrx_word' id='word_1_236' title='bbox 316 3147 375 3215; x_wconf 80' lang='grc' dir='ltr'>τοὺς</span> <span class='ocrx_word' id='word_1_237' title='bbox 398 3150 509 3230; x_wconf 82' lang='grc' dir='ltr'>αἰσχύνη</span> <span class='ocrx_word' id='word_1_238' title='bbox 527 3157 578 3212; x_wconf 92' lang='grc' dir='ltr'>τῶν</span> <span class='ocrx_word' id='word_1_239' title='bbox 602 3155 791 3233; x_wconf 89' lang='grc' dir='ltr'>γενησομένων,</span> <span class='ocrx_word' id='word_1_240' title='bbox 812 3154 894 3229; x_wconf 78' lang='grc' dir='ltr'>εἴτις</span> <span class='ocrx_word' id='word_1_241' title='bbox 920 3155 964 3222; x_wconf 70' lang='lat' dir='ltr'>cdv</span> <span class='ocrx_word' id='word_1_242' title='bbox 988 3166 1066 3225; x_wconf 76' lang='grc' dir='ltr'>αὐτὸν</span> 
     </span>
    </p>

    <p class='ocr_par' dir='ltr' id='par_1_7' title="bbox 288 3234 1063 3327">
     <span class='ocr_line' id='line_1_32' title="bbox 288 3234 1063 3327; baseline 0.032 -40"><span class='ocrx_word' id='word_1_243' title='bbox 288 3264 301 3287; x_wconf 79' lang='grc' dir='ltr'>ι</span> <span class='ocrx_word' id='word_1_244' title='bbox 314 3234 457 3313; x_wconf 83' lang='grc' dir='ltr'>ΙΑἰγύπτιος</span> <span class='ocrx_word' id='word_1_245' title='bbox 473 3239 593 3314; x_wconf 85' lang='grc' dir='ltr'>κτείνειε,</span> <span class='ocrx_word' id='word_1_246' title='bbox 611 3242 659 3314; x_wconf 79' lang='grc' dir='ltr'>τήν</span> <span class='ocrx_word' id='word_1_247' title='bbox 673 3243 746 3323; x_wconf 77' lang='grc' dir='ltr'>ῦθριν</span> <span class='ocrx_word' id='word_1_248' title='bbox 764 3250 812 3327; x_wconf 87' lang='grc' dir='ltr'>οὐχ</span> <span class='ocrx_word' id='word_1_249' title='bbox 828 3249 989 3327; x_wconf 84' lang='grc' dir='ltr'>ἡγησόμενος</span> <span class='ocrx_word' id='word_1_250' title='bbox 1000 3256 1063 3312; x_wconf 86' lang='grc' dir='ltr'>ἀνα-</span> 
     </span>
    </p>

    <p class='ocr_par' dir='ltr' id='par_1_8' title="bbox 285 3324 1063 3415">
     <span class='ocr_line' id='line_1_33' title="bbox 285 3324 1063 3415; baseline 0.027 -37"><span class='ocrx_word' id='word_1_251' title='bbox 285 3349 299 3377; x_wconf 84' lang='grc' dir='ltr'>ιι</span> <span class='ocrx_word' id='word_1_252' title='bbox 314 3324 407 3402; x_wconf 81' lang='grc' dir='ltr'>σχετδν</span> <span class='ocrx_word' id='word_1_253' title='bbox 438 3327 490 3393; x_wconf 85' lang='grc' dir='ltr'>τοῖς</span> <span class='ocrx_word' id='word_1_254' title='bbox 513 3328 652 3409; x_wconf 78' lang='grc' dir='ltr'>ἐλευθέροις</span> <span class='ocrx_word' id='word_1_255' title='bbox 679 3333 822 3411; x_wconf 80' lang='grc' dir='ltr'>γεγονόσινς</span> <span class='ocrx_word' id='word_1_256' title='bbox 850 3336 921 3414; x_wconf 83' lang='grc' dir='ltr'>Ἐγὼ</span> <span class='ocrx_word' id='word_1_257' title='bbox 949 3338 996 3415; x_wconf 76' lang='grc' dir='ltr'>μὲν</span> <span class='ocrx_word' id='word_1_258' title='bbox 1018 3332 1063 3399; x_wconf 72' lang='lat' dir='ltr'>cdv</span> 
     </span>
    </p>

    <p class='ocr_par' dir='ltr' id='par_1_9' title="bbox 287 3410 1064 3506">
     <span class='ocr_line' id='line_1_34' title="bbox 287 3410 1064 3506; baseline 0.024 -39"><span class='ocrx_word' id='word_1_259' title='bbox 287 3410 1064 3506; x_wconf 77' lang='grc' dir='ltr'>ιοθκέτιιίςπλείοναάνέξομαιτάςσκήψειςθμῶν,,χωρήσω</span> 
     </span>
    </p>

    <p class='ocr_par' dir='ltr' id='par_1_10' title="bbox 288 3498 1065 3591">
     <span class='ocr_line' id='line_1_35' title="bbox 288 3498 1065 3591; baseline 0.023 -37"><span class='ocrx_word' id='word_1_260' title='bbox 288 3498 341 3555; x_wconf 74' lang='grc' dir='ltr'>«δὲ</span> <span class='ocrx_word' id='word_1_261' title='bbox 361 3506 413 3565; x_wconf 88' lang='grc' dir='ltr'>τοῖς</span> <span class='ocrx_word' id='word_1_262' title='bbox 427 3500 551 3569; x_wconf 86' lang='grc' dir='ltr'>κινδύνοις</span> <span class='ocrx_word' id='word_1_263' title='bbox 565 3502 644 3578; x_wconf 84' lang='grc' dir='ltr'>θμόσι</span> <span class='ocrx_word' id='word_1_264' title='bbox 659 3505 781 3586; x_wconf 86' lang='grc' dir='ltr'>σήμερον,</span> <span class='ocrx_word' id='word_1_265' title='bbox 793 3510 872 3589; x_wconf 79' lang='grc' dir='ltr'>ἡδονῇ</span> <span class='ocrx_word' id='word_1_266' title='bbox 884 3510 968 3591; x_wconf 84' lang='grc' dir='ltr'>φέρων</span> <span class='ocrx_word' id='word_1_267' title='bbox 981 3512 1065 3572; x_wconf 78' lang='grc' dir='ltr'>πῦνό</span> 
     </span>
    </p>

    <p class='ocr_par' dir='ltr' id='par_1_11' title="bbox 221 3584 1063 4008">
     <span class='ocr_line' id='line_1_36' title="bbox 221 3584 1061 3681; baseline 0.02 -40"><span class='ocrx_word' id='word_1_268' title='bbox 221 3600 222 3604; x_wconf 76' lang='grc'>’</span> <span class='ocrx_word' id='word_1_269' title='bbox 246 3604 273 3669; x_wconf 73' lang='grc' dir='ltr'>αι</span> <span class='ocrx_word' id='word_1_270' title='bbox 287 3610 298 3636; x_wconf 84' lang='grc' dir='ltr'>ι</span> <span class='ocrx_word' id='word_1_271' title='bbox 311 3585 396 3644; x_wconf 63' lang='lat' dir='ltr'>usai</span> <span class='ocrx_word' id='word_1_272' title='bbox 409 3584 508 3662; x_wconf 85' lang='grc' dir='ltr'>γένοιτο</span> <span class='ocrx_word' id='word_1_273' title='bbox 518 3588 544 3657; x_wconf 74' lang='grc' dir='ltr'>ἰξ</span> <span class='ocrx_word' id='word_1_274' title='bbox 561 3592 654 3665; x_wconf 87' lang='grc' dir='ltr'>αὐτῶν,</span> <span class='ocrx_word' id='word_1_275' title='bbox 668 3594 720 3651; x_wconf 84' lang='grc' dir='ltr'>οὐδ’</span> <span class='ocrx_word' id='word_1_276' title='bbox 733 3594 763 3653; x_wconf 88' lang='grc' dir='ltr'>διν</span> <span class='ocrx_word' id='word_1_277' title='bbox 779 3598 974 3677; x_wconf 76' lang='grc' dir='ltr'>θπερθαλοίμην</span> <span class='ocrx_word' id='word_1_278' title='bbox 983 3599 1061 3681; x_wconf 84' lang='grc' dir='ltr'>εἴπερ</span> 
     </span>
     <span class='ocr_line' id='line_1_37' title="bbox 285 3670 1063 3766; baseline 0.023 -38"><span class='ocrx_word' id='word_1_279' title='bbox 285 3700 297 3723; x_wconf 79' lang='grc' dir='ltr'>ι</span> <span class='ocrx_word' id='word_1_280' title='bbox 309 3670 360 3741; x_wconf 83' lang='grc' dir='ltr'>εἰη.</span> <span class='ocrx_word' id='word_1_281' title='bbox 374 3674 412 3732; x_wconf 86' lang='grc' dir='ltr'>Ὶ’ί</span> <span class='ocrx_word' id='word_1_282' title='bbox 431 3672 482 3754; x_wconf 86' lang='grc' dir='ltr'>γάρ</span> <span class='ocrx_word' id='word_1_283' title='bbox 494 3674 526 3747; x_wconf 81' lang='grc' dir='ltr'>δὴ</span> <span class='ocrx_word' id='word_1_284' title='bbox 540 3676 586 3735; x_wconf 87' lang='grc' dir='ltr'>καί</span> <span class='ocrx_word' id='word_1_285' title='bbox 600 3677 691 3754; x_wconf 88' lang='grc' dir='ltr'>γένοιτ’</span> <span class='ocrx_word' id='word_1_286' title='bbox 705 3678 735 3738; x_wconf 81' lang='grc' dir='ltr'>ἀν</span> <span class='ocrx_word' id='word_1_287' title='bbox 751 3684 824 3761; x_wconf 84' lang='grc' dir='ltr'>ἀνδρί</span> <span class='ocrx_word' id='word_1_288' title='bbox 838 3682 958 3764; x_wconf 70' lang='grc' dir='ltr'>φρόνημα</span> <span class='ocrx_word' id='word_1_289' title='bbox 976 3686 1063 3766; x_wconf 83' lang='grc' dir='ltr'>ἔχοντι</span> 
     </span>
     <span class='ocr_line' id='line_1_38' title="bbox 285 3758 1062 3855; baseline 0.026 -42"><span class='ocrx_word' id='word_1_290' title='bbox 285 3786 298 3811; x_wconf 93' lang='grc' dir='ltr'>ι</span> <span class='ocrx_word' id='word_1_291' title='bbox 312 3758 404 3818; x_wconf 75' lang='grc' dir='ltr'>τούτου</span> <span class='ocrx_word' id='word_1_292' title='bbox 434 3762 629 3844; x_wconf 82' lang='grc' dir='ltr'>σχετλιώτερον,</span> <span class='ocrx_word' id='word_1_293' title='bbox 652 3766 731 3827; x_wconf 85' lang='grc' dir='ltr'>Γάϊον</span> <span class='ocrx_word' id='word_1_294' title='bbox 763 3770 842 3829; x_wconf 85' lang='grc' dir='ltr'>ἀλλον</span> <span class='ocrx_word' id='word_1_295' title='bbox 867 3770 925 3830; x_wconf 80' lang='grc' dir='ltr'>τινά</span> <span class='ocrx_word' id='word_1_296' title='bbox 949 3776 1062 3855; x_wconf 80' lang='grc' dir='ltr'>ἀναιρεῖν</span> 
     </span>
     <span class='ocr_line' id='line_1_39' title="bbox 284 3848 1060 3942; baseline 0.026 -42"><span class='ocrx_word' id='word_1_297' title='bbox 284 3848 382 3921; x_wconf 40' lang='grc' dir='ltr'>ιέίγεοῦί</span> <span class='ocrx_word' id='word_1_298' title='bbox 389 3851 496 3922; x_wconf 83' lang='grc' dir='ltr'>ζῶντος,</span> <span class='ocrx_word' id='word_1_299' title='bbox 512 3850 557 3909; x_wconf 85' lang='grc' dir='ltr'>καί</span> <span class='ocrx_word' id='word_1_300' title='bbox 576 3850 623 3929; x_wconf 74' lang='lat' dir='ltr'>ipi</span> <span class='ocrx_word' id='word_1_301' title='bbox 636 3852 683 3925; x_wconf 78' lang='grc' dir='ltr'>τήν</span> <span class='ocrx_word' id='word_1_302' title='bbox 701 3854 745 3913; x_wconf 80' lang='grc' dir='ltr'>ἰπὶ</span> <span class='ocrx_word' id='word_1_303' title='bbox 762 3859 828 3938; x_wconf 81' lang='grc' dir='ltr'>τῷδε</span> <span class='ocrx_word' id='word_1_304' title='bbox 847 3858 941 3940; x_wconf 76' lang='grc' dir='ltr'>ἀρετήν</span> <span class='ocrx_word' id='word_1_305' title='bbox 957 3864 1060 3942; x_wconf 75' lang='grc' dir='ltr'>ἀφῃρη·</span> 
     </span>
     <span class='ocr_line' id='line_1_40' title="bbox 284 3931 426 4008; baseline 0.007 -23"><span class='ocrx_word' id='word_1_306' title='bbox 284 3931 426 4008; x_wconf 64' lang='lat' dir='ltr'>epitom»</span> 
     </span>
    </p>

    <p class='ocr_par' dir='ltr' id='par_1_12' title="bbox 243 4019 1062 4464">
     <span class='ocr_line' id='line_1_41' title="bbox 243 4019 1060 4113; baseline 0.016 -34"><span class='ocrx_word' id='word_1_307' title='bbox 243 4040 270 4079; x_wconf 88' lang='lat' dir='ltr'>to</span> <span class='ocrx_word' id='word_1_308' title='bbox 315 4019 365 4099; x_wconf 70' lang='grc' dir='ltr'>τγῖ.</span> <span class='ocrx_word' id='word_1_309' title='bbox 390 4021 469 4081; x_wconf 72' lang='lat' dir='ltr'>tioit</span> <span class='ocrx_word' id='word_1_310' title='bbox 482 4020 529 4099; x_wconf 77' lang='grc' dir='ltr'>μὲν</span> <span class='ocrx_word' id='word_1_311' title='bbox 543 4030 626 4085; x_wconf 84' lang='grc' dir='ltr'>ταῦτα</span> <span class='ocrx_word' id='word_1_312' title='bbox 640 4028 721 4087; x_wconf 81' lang='grc' dir='ltr'>εἰπὼν</span> <span class='ocrx_word' id='word_1_313' title='bbox 733 4030 809 4097; x_wconf 84' lang='grc' dir='ltr'>αὐτός</span> <span class='ocrx_word' id='word_1_314' title='bbox 821 4055 849 4089; x_wconf 91' lang='grc' dir='ltr'>τε</span> <span class='ocrx_word' id='word_1_315' title='bbox 864 4032 982 4110; x_wconf 75' lang='grc' dir='ltr'>ὡρμήκει</span> <span class='ocrx_word' id='word_1_316' title='bbox 993 4034 1060 4113; x_wconf 85' lang='grc' dir='ltr'>πρά-</span> 
     </span>
     <span class='ocr_line' id='line_1_42' title="bbox 284 4105 1062 4197; baseline 0.021 -34"><span class='ocrx_word' id='word_1_317' title='bbox 284 4105 333 4173; x_wconf 75' lang='grc' dir='ltr'>ξων</span> <span class='ocrx_word' id='word_1_318' title='bbox 343 4106 465 4187; x_wconf 79' lang='grc' dir='ltr'>-τδιέργον</span> <span class='ocrx_word' id='word_1_319' title='bbox 476 4110 526 4169; x_wconf 71' lang='grc' dir='ltr'>’καὶ</span> <span class='ocrx_word' id='word_1_320' title='bbox 540 4113 592 4180; x_wconf 88' lang='grc' dir='ltr'>τοῖς</span> <span class='ocrx_word' id='word_1_321' title='bbox 607 4115 705 4183; x_wconf 85' lang='grc' dir='ltr'>λοιποῖς</span> <span class='ocrx_word' id='word_1_322' title='bbox 721 4118 855 4188; x_wconf 79' lang='grc' dir='ltr'>ἐνεποίησε</span> <span class='ocrx_word' id='word_1_323' title='bbox 873 4120 980 4197; x_wconf 91' lang='grc' dir='ltr'>θάρσος,</span> <span class='ocrx_word' id='word_1_324' title='bbox 995 4122 1062 4179; x_wconf 83' lang='grc' dir='ltr'>πᾶσί</span> 
     </span>
     <span class='ocr_line' id='line_1_43' title="bbox 281 4184 1060 4287; baseline 0.023 -39"><span class='ocrx_word' id='word_1_325' title='bbox 281 4214 311 4249; x_wconf 86' lang='grc' dir='ltr'>τι</span> <span class='ocrx_word' id='word_1_326' title='bbox 324 4184 355 4264; x_wconf 77' lang='grc' dir='ltr'>ήν</span> <span class='ocrx_word' id='word_1_327' title='bbox 369 4192 432 4274; x_wconf 80' lang='grc' dir='ltr'>έρως</span> <span class='ocrx_word' id='word_1_328' title='bbox 442 4194 569 4257; x_wconf 77' lang='grc' dir='ltr'>ἅπτεσθαι</span> <span class='ocrx_word' id='word_1_329' title='bbox 583 4205 629 4257; x_wconf 88' lang='grc' dir='ltr'>τοῦ</span> <span class='ocrx_word' id='word_1_330' title='bbox 638 4202 826 4283; x_wconf 76' lang='grc' dir='ltr'>ἐγχειρήματος</span> <span class='ocrx_word' id='word_1_331' title='bbox 837 4204 917 4282; x_wconf 86' lang='grc' dir='ltr'>μηδὲν</span> <span class='ocrx_word' id='word_1_332' title='bbox 930 4206 1060 4287; x_wconf 77' lang='grc' dir='ltr'>θπερῦαλ-</span> 
     </span>
     <span class='ocr_line' id='line_1_44' title="bbox 281 4280 1061 4376; baseline 0.022 -40"><span class='ocrx_word' id='word_1_333' title='bbox 281 4280 411 4356; x_wconf 89' lang='grc' dir='ltr'>λομένοις,</span> <span class='ocrx_word' id='word_1_334' title='bbox 426 4280 503 4341; x_wconf 79' lang='grc' dir='ltr'>ἕωθέν</span> <span class='ocrx_word' id='word_1_335' title='bbox 517 4308 545 4343; x_wconf 91' lang='grc' dir='ltr'>τε</span> <span class='ocrx_word' id='word_1_336' title='bbox 565 4288 608 4343; x_wconf 71' lang='lat' dir='ltr'>tri</span> <span class='ocrx_word' id='word_1_337' title='bbox 627 4294 671 4345; x_wconf 91' lang='grc' dir='ltr'>τοῦ</span> <span class='ocrx_word' id='word_1_338' title='bbox 689 4288 818 4350; x_wconf 88' lang='grc' dir='ltr'>παλατίου</span> <span class='ocrx_word' id='word_1_339' title='bbox 839 4290 926 4368; x_wconf 87' lang='grc' dir='ltr'>γέγονε</span> <span class='ocrx_word' id='word_1_340' title='bbox 949 4293 979 4351; x_wconf 81' lang='grc' dir='ltr'>τὸ</span> <span class='ocrx_word' id='word_1_341' title='bbox 992 4292 1061 4376; x_wconf 78' lang='grc' dir='ltr'>ξῖφος</span> 
     </span>
     <span class='ocr_line' id='line_1_45' title="bbox 283 4368 1061 4464; baseline 0.022 -40"><span class='ocrx_word' id='word_1_342' title='bbox 283 4368 460 4443; x_wconf 76' lang='grc' dir='ltr'>ὑπεζωσμένος</span> <span class='ocrx_word' id='word_1_343' title='bbox 473 4374 523 4429; x_wconf 90' lang='grc' dir='ltr'>τῶν</span> <span class='ocrx_word' id='word_1_344' title='bbox 538 4375 664 4434; x_wconf 89' lang='grc' dir='ltr'>ίππικῶν.</span> <span class='ocrx_word' id='word_1_345' title='bbox 706 4374 785 4443; x_wconf 63' lang='lat' dir='ltr'>&#39;ilinc</span> <span class='ocrx_word' id='word_1_346' title='bbox 795 4377 845 4458; x_wconf 87' lang='grc' dir='ltr'>γδιρ</span> <span class='ocrx_word' id='word_1_347' title='bbox 859 4377 952 4448; x_wconf 81' lang='grc' dir='ltr'>δήτοῖς</span> <span class='ocrx_word' id='word_1_348' title='bbox 960 4382 1061 4464; x_wconf 87' lang='grc' dir='ltr'>χιλιάρ·</span> 
     </span>
    </p>

    <p class='ocr_par' dir='ltr' id='par_1_13' title="bbox 242 4458 1061 4889">
     <span class='ocr_line' id='line_1_46' title="bbox 242 4458 1060 4549; baseline 0.015 -34"><span class='ocrx_word' id='word_1_349' title='bbox 242 4478 269 4517; x_wconf 84' lang='lat' dir='ltr'>es</span> <span class='ocrx_word' id='word_1_350' title='bbox 282 4460 338 4532; x_wconf 86' lang='grc' dir='ltr'>χοις</span> <span class='ocrx_word' id='word_1_351' title='bbox 354 4460 443 4529; x_wconf 90' lang='grc' dir='ltr'>τοῦτο,</span> <span class='ocrx_word' id='word_1_352' title='bbox 462 4458 614 4537; x_wconf 78' lang='grc' dir='ltr'>ίζωσμένοις</span> <span class='ocrx_word' id='word_1_353' title='bbox 628 4464 709 4520; x_wconf 83' lang='grc' dir='ltr'>αἰτεῖν</span> <span class='ocrx_word' id='word_1_354' title='bbox 723 4462 796 4542; x_wconf 85' lang='grc' dir='ltr'>παρά</span> <span class='ocrx_word' id='word_1_355' title='bbox 808 4470 852 4522; x_wconf 91' lang='grc' dir='ltr'>τοῦ</span> <span class='ocrx_word' id='word_1_356' title='bbox 872 4468 1060 4549; x_wconf 82' lang='grc' dir='ltr'>αὐτοκράτορος</span> 
     </span>
     <span class='ocr_line' id='line_1_47' title="bbox 281 4537 1061 4629; baseline 0.019 -29"><span class='ocrx_word' id='word_1_357' title='bbox 281 4542 311 4600; x_wconf 83' lang='grc' dir='ltr'>τὸ</span> <span class='ocrx_word' id='word_1_358' title='bbox 321 4537 494 4619; x_wconf 74' lang='grc' dir='ltr'>’σημεῖοηήν</span> <span class='ocrx_word' id='word_1_359' title='bbox 513 4570 543 4605; x_wconf 83' lang='grc' dir='ltr'>τε</span> <span class='ocrx_word' id='word_1_360' title='bbox 563 4551 580 4619; x_wconf 77' lang='grc' dir='ltr'>ἡ</span> <span class='ocrx_word' id='word_1_361' title='bbox 599 4548 685 4629; x_wconf 83' lang='grc' dir='ltr'>ἡμέρα</span> <span class='ocrx_word' id='word_1_362' title='bbox 698 4551 848 4621; x_wconf 76' lang='grc' dir='ltr'>καθήκουσα</span> <span class='ocrx_word' id='word_1_363' title='bbox 867 4556 903 4619; x_wconf 89' lang='grc' dir='ltr'>εἰς</span> <span class='ocrx_word' id='word_1_364' title='bbox 919 4554 996 4613; x_wconf 79' lang='grc' dir='ltr'>αὐτὸν</span> <span class='ocrx_word' id='word_1_365' title='bbox 1012 4561 1061 4627; x_wconf 76' lang='grc' dir='ltr'>τῆς</span> 
     </span>
     <span class='ocr_line' id='line_1_48' title="bbox 281 4630 1060 4717; baseline 0.015 -30"><span class='ocrx_word' id='word_1_366' title='bbox 281 4630 456 4711; x_wconf 73' lang='grc' dir='ltr'>παραλήψεως</span> <span class='ocrx_word' id='word_1_367' title='bbox 473 4637 518 4691; x_wconf 87' lang='grc' dir='ltr'>τοῦ</span> <span class='ocrx_word' id='word_1_368' title='bbox 540 4636 659 4710; x_wconf 86' lang='grc' dir='ltr'>σημείου.</span> <span class='ocrx_word' id='word_1_369' title='bbox 712 4634 786 4717; x_wconf 80' lang='grc' dir='ltr'>Ἄρτι</span> <span class='ocrx_word' id='word_1_370' title='bbox 806 4660 835 4695; x_wconf 88' lang='grc' dir='ltr'>τι</span> <span class='ocrx_word' id='word_1_371' title='bbox 854 4639 941 4716; x_wconf 86' lang='grc' dir='ltr'>συνήει</span> <span class='ocrx_word' id='word_1_372' title='bbox 961 4641 1060 4712; x_wconf 78' lang='grc' dir='ltr'>πληθὺς</span> 
     </span>
     <span class='ocr_line' id='line_1_49' title="bbox 282 4717 1059 4808; baseline 0.017 -34"><span class='ocrx_word' id='word_1_373' title='bbox 282 4718 319 4783; x_wconf 84' lang='grc' dir='ltr'>εἰς</span> <span class='ocrx_word' id='word_1_374' title='bbox 332 4717 362 4774; x_wconf 87' lang='grc' dir='ltr'>τὸ</span> <span class='ocrx_word' id='word_1_375' title='bbox 376 4718 504 4779; x_wconf 88' lang='grc' dir='ltr'>παλάτιον</span> <span class='ocrx_word' id='word_1_376' title='bbox 520 4720 565 4779; x_wconf 72' lang='lat' dir='ltr'>iri</span> <span class='ocrx_word' id='word_1_377' title='bbox 579 4722 776 4803; x_wconf 76' lang='grc' dir='ltr'>προκαταλήψει</span> <span class='ocrx_word' id='word_1_378' title='bbox 788 4722 846 4790; x_wconf 87' lang='grc' dir='ltr'>θέας</span> <span class='ocrx_word' id='word_1_379' title='bbox 856 4727 945 4807; x_wconf 80' lang='grc' dir='ltr'>πολλῷ</span> <span class='ocrx_word' id='word_1_380' title='bbox 957 4728 1059 4808; x_wconf 78' lang='grc' dir='ltr'>θορύῦῳ</span> 
     </span>
     <span class='ocr_line' id='line_1_50' title="bbox 282 4802 1057 4889; baseline 0.021 -31"><span class='ocrx_word' id='word_1_381' title='bbox 282 4802 328 4859; x_wconf 85' lang='grc' dir='ltr'>καί</span> <span class='ocrx_word' id='word_1_382' title='bbox 347 4804 471 4884; x_wconf 70' lang='grc' dir='ltr'>ὠθισμῷ,</span> <span class='ocrx_word' id='word_1_383' title='bbox 484 4818 564 4888; x_wconf 56' lang='grc' dir='ltr'>,χαρᾷ</span> <span class='ocrx_word' id='word_1_384' title='bbox 581 4809 699 4889; x_wconf 79' lang='grc' dir='ltr'>φέροντος</span> <span class='ocrx_word' id='word_1_385' title='bbox 712 4806 800 4870; x_wconf 77' lang='grc' dir='ltr'>ίάίου</span> <span class='ocrx_word' id='word_1_386' title='bbox 818 4810 865 4882; x_wconf 77' lang='grc' dir='ltr'>τήν</span> <span class='ocrx_word' id='word_1_387' title='bbox 884 4814 927 4871; x_wconf 81' lang='grc' dir='ltr'>ἐπὶ</span> <span class='ocrx_word' id='word_1_388' title='bbox 947 4816 1057 4874; x_wconf 85' lang='grc' dir='ltr'>τοιοῖσδε</span> 
     </span>
    </p>

    <p class='ocr_par' dir='ltr' id='par_1_14' title="bbox 242 4892 1058 5328">
     <span class='ocr_line' id='line_1_51' title="bbox 242 4892 1057 4978; baseline 0.021 -34"><span class='ocrx_word' id='word_1_389' title='bbox 242 4914 270 4953; x_wconf 76' lang='lat' dir='ltr'>no</span> <span class='ocrx_word' id='word_1_390' title='bbox 282 4893 332 4946; x_wconf 81' lang='grc' dir='ltr'>τῶν</span> <span class='ocrx_word' id='word_1_391' title='bbox 349 4892 452 4949; x_wconf 84' lang='grc' dir='ltr'>πολλῶν</span> <span class='ocrx_word' id='word_1_392' title='bbox 464 4896 592 4968; x_wconf 78' lang='grc' dir='ltr'>σπουδήν,</span> <span class='ocrx_word' id='word_1_393' title='bbox 610 4896 679 4976; x_wconf 76' lang='grc' dir='ltr'>παρὸ</span> <span class='ocrx_word' id='word_1_394' title='bbox 693 4898 736 4955; x_wconf 85' lang='grc' dir='ltr'>καί</span> <span class='ocrx_word' id='word_1_395' title='bbox 755 4896 897 4978; x_wconf 85' lang='grc' dir='ltr'>διεκέκριτο</span> <span class='ocrx_word' id='word_1_396' title='bbox 911 4901 982 4959; x_wconf 80' lang='grc' dir='ltr'>οὐδὲν</span> <span class='ocrx_word' id='word_1_397' title='bbox 999 4901 1057 4961; x_wconf 81' lang='grc' dir='ltr'>οὔτε</span> 
     </span>
     <span class='ocr_line' id='line_1_52' title="bbox 282 4976 1057 5069; baseline 0.022 -38"><span class='ocrx_word' id='word_1_398' title='bbox 282 4976 314 5052; x_wconf 83' lang='grc' dir='ltr'>τῇ</span> <span class='ocrx_word' id='word_1_399' title='bbox 335 4978 472 5059; x_wconf 87' lang='grc' dir='ltr'>συγκλήτῳ</span> <span class='ocrx_word' id='word_1_400' title='bbox 494 4980 590 5060; x_wconf 84' lang='grc' dir='ltr'>χοιρίον</span> <span class='ocrx_word' id='word_1_401' title='bbox 613 4983 672 5041; x_wconf 79' lang='grc' dir='ltr'>οὔτε</span> <span class='ocrx_word' id='word_1_402' title='bbox 693 4988 744 5052; x_wconf 82' lang='grc' dir='ltr'>τοῖς</span> <span class='ocrx_word' id='word_1_403' title='bbox 766 4988 887 5059; x_wconf 83' lang='grc' dir='ltr'>ἱππεῦσι,</span> <span class='ocrx_word' id='word_1_404' title='bbox 909 4988 1007 5069; x_wconf 84' lang='grc' dir='ltr'>φύρδην</span> <span class='ocrx_word' id='word_1_405' title='bbox 1030 4988 1057 5048; x_wconf 78' lang='grc' dir='ltr'>δὲ</span> 
     </span>
     <span class='ocr_line' id='line_1_53' title="bbox 282 5060 1058 5155; baseline 0.021 -39"><span class='ocrx_word' id='word_1_406' title='bbox 282 5060 367 5128; x_wconf 69' lang='grc' dir='ltr'>ἵζοντο</span> <span class='ocrx_word' id='word_1_407' title='bbox 382 5065 485 5133; x_wconf 80' lang='grc' dir='ltr'>καὶτοῖς</span> <span class='ocrx_word' id='word_1_408' title='bbox 496 5068 618 5149; x_wconf 81' lang='grc' dir='ltr'>ἀνδράσιν</span> <span class='ocrx_word' id='word_1_409' title='bbox 629 5074 695 5147; x_wconf 84' lang='grc' dir='ltr'>ὁμοῦ</span> <span class='ocrx_word' id='word_1_410' title='bbox 706 5075 732 5130; x_wconf 86' lang='grc' dir='ltr'>αἰ</span> <span class='ocrx_word' id='word_1_411' title='bbox 744 5080 861 5148; x_wconf 83' lang='grc' dir='ltr'>γυναῖκες</span> <span class='ocrx_word' id='word_1_412' title='bbox 870 5074 914 5132; x_wconf 85' lang='grc' dir='ltr'>καί</span> <span class='ocrx_word' id='word_1_413' title='bbox 926 5078 963 5153; x_wconf 84' lang='grc' dir='ltr'>τῷ</span> <span class='ocrx_word' id='word_1_414' title='bbox 974 5074 1058 5155; x_wconf 80' lang='grc' dir='ltr'>δούλῳ</span> 
     </span>
     <span class='ocr_line' id='line_1_54' title="bbox 283 5150 1057 5243; baseline 0.021 -38"><span class='ocrx_word' id='word_1_415' title='bbox 283 5150 491 5227; x_wconf 78' lang='grc' dir='ltr'>ἀναμεμιγμένον</span> <span class='ocrx_word' id='word_1_416' title='bbox 499 5154 527 5213; x_wconf 85' lang='grc' dir='ltr'>τθ</span> <span class='ocrx_word' id='word_1_417' title='bbox 535 5156 676 5237; x_wconf 78' lang='grc' dir='ltr'>ἐλεύθερον.</span> <span class='ocrx_word' id='word_1_418' title='bbox 718 5160 795 5227; x_wconf 86' lang='grc' dir='ltr'>Γάϊος</span> <span class='ocrx_word' id='word_1_419' title='bbox 806 5160 847 5234; x_wconf 76' lang='grc' dir='ltr'>δὲ,</span> <span class='ocrx_word' id='word_1_420' title='bbox 860 5184 880 5219; x_wconf 88' lang='grc' dir='ltr'>π</span> <span class='ocrx_word' id='word_1_421' title='bbox 897 5159 977 5219; x_wconf 88' lang='grc' dir='ltr'>οόδων</span> <span class='ocrx_word' id='word_1_422' title='bbox 986 5163 1057 5243; x_wconf 80' lang='grc' dir='ltr'>αύτῷ</span> 
     </span>
     <span class='ocr_line' id='line_1_55' title="bbox 282 5184 1056 5328; baseline 0.018 -35"><span class='ocrx_word' id='word_1_423' title='bbox 282 5234 437 5315; x_wconf 85' lang='grc' dir='ltr'>γενομένων,</span> <span class='ocrx_word' id='word_1_424' title='bbox 457 5239 512 5299; x_wconf 84' lang='grc' dir='ltr'>ἔθυε</span> <span class='ocrx_word' id='word_1_425' title='bbox 531 5244 567 5321; x_wconf 80' lang='grc' dir='ltr'>τῷ</span> <span class='ocrx_word' id='word_1_426' title='bbox 587 5242 714 5323; x_wconf 78' lang='grc' dir='ltr'>Σεόαστῶ</span> <span class='ocrx_word' id='word_1_427' title='bbox 735 5246 862 5328; x_wconf 87' lang='grc' dir='ltr'>Καίσαρι,</span> <span class='ocrx_word' id='word_1_428' title='bbox 882 5184 950 5328; x_wconf 53' lang='grc' dir='ltr'>δήδή</span> <span class='ocrx_word' id='word_1_429' title='bbox 964 5248 1056 5307; x_wconf 76' lang='grc' dir='ltr'>καὶτὰ</span> 
     </span>
    </p>
   </div>
   <div class='ocr_carea' id='block_1_3' title="bbox 774 510 1417 585">
    <p class='ocr_par' dir='ltr' id='par_1_15' title="bbox 774 510 1417 585">
     <span class='ocr_line' id='line_1_56' title="bbox 774 510 1417 585; baseline 0.019 -17"><span class='ocrx_word' id='word_1_430' title='bbox 774 510 1058 572; x_wconf 70' lang='grc' dir='ltr'><strong>ΑΡΧἉΙΟᾸΟΓΙΑΣ</strong></span> <span class='ocrx_word' id='word_1_431' title='bbox 1077 514 1174 585; x_wconf 75' lang='lat' dir='ltr'>bitte.</span> <span class='ocrx_word' id='word_1_432' title='bbox 1197 518 1246 579; x_wconf 84' lang='lat' dir='ltr'>te.</span> <span class='ocrx_word' id='word_1_433' title='bbox 1270 521 1360 581; x_wconf 74' lang='lat' dir='ltr'>itud».</span> <span class='ocrx_word' id='word_1_434' title='bbox 1383 526 1417 582; x_wconf 75' lang='lat' dir='ltr'>b.</span> 
     </span>
    </p>
   </div>
   <div class='ocr_carea' id='block_1_4' title="bbox 1117 526 1887 717">
    <p class='ocr_par' dir='ltr' id='par_1_16' title="bbox 1117 526 1887 717">
     <span class='ocr_line' id='line_1_57' title="bbox 1760 526 1886 603; baseline 0.016 -21"><span class='ocrx_word' id='word_1_435' title='bbox 1760 526 1886 603; x_wconf 58' lang='grc' dir='ltr'>[ωσμενή</span> 
     </span>
     <span class='ocr_line' id='line_1_58' title="bbox 1117 638 1887 717; baseline 0.017 -23"><span class='ocrx_word' id='word_1_436' title='bbox 1117 645 1180 707; x_wconf 70' lang='lat' dir='ltr'>rore,</span> <span class='ocrx_word' id='word_1_437' title='bbox 1191 651 1229 698; x_wconf 83' lang='grc' dir='ltr'>οι</span> <span class='ocrx_word' id='word_1_438' title='bbox 1239 638 1362 701; x_wconf 71' lang='lat' dir='ltr'>nominum</span> <span class='ocrx_word' id='word_1_439' title='bbox 1374 652 1603 705; x_wconf 63' lang='lat' dir='ltr'>moritonensem</span> <span class='ocrx_word' id='word_1_440' title='bbox 1620 656 1749 717; x_wconf 71' lang='grc' dir='ltr'>ωςιιιιιιι</span> <span class='ocrx_word' id='word_1_441' title='bbox 1756 658 1887 717; x_wconf 67' lang='lat' dir='ltr'>morose,</span> 
     </span>
    </p>
   </div>
   <div class='ocr_carea' id='block_1_5' title="bbox 1116 761 1889 830">
    <p class='ocr_par' dir='ltr' id='par_1_17' title="bbox 1116 761 1889 830">
     <span class='ocr_line' id='line_1_59' title="bbox 1116 761 1889 830; baseline 0.016 -22"><span class='ocrx_word' id='word_1_442' title='bbox 1116 761 1193 821; x_wconf 82' lang='lat' dir='ltr'>ipsunt</span> <span class='ocrx_word' id='word_1_443' title='bbox 1211 762 1269 811; x_wconf 89' lang='lat' dir='ltr'>dum</span> <span class='ocrx_word' id='word_1_444' title='bbox 1286 764 1446 827; x_wconf 74' lang='lat' dir='ltr'>ingrederetur</span> <span class='ocrx_word' id='word_1_445' title='bbox 1463 766 1572 817; x_wconf 87' lang='lat' dir='ltr'>adortum</span> <span class='ocrx_word' id='word_1_446' title='bbox 1584 769 1631 827; x_wconf 88' lang='lat' dir='ltr'>ire,</span> <span class='ocrx_word' id='word_1_447' title='bbox 1642 782 1717 830; x_wconf 85' lang='lat' dir='ltr'>quum</span> <span class='ocrx_word' id='word_1_448' title='bbox 1730 782 1762 818; x_wconf 87' lang='lat' dir='ltr'>ne</span> <span class='ocrx_word' id='word_1_449' title='bbox 1778 770 1889 820; x_wconf 56' lang='lat' dir='ltr'>&amp;militer</span> 
     </span>
    </p>
   </div>
   <div class='ocr_carea' id='block_1_6' title="bbox 1106 873 1845 945">
    <p class='ocr_par' dir='ltr' id='par_1_18' title="bbox 1106 873 1845 945">
     <span class='ocr_line' id='line_1_60' title="bbox 1106 873 1845 945; baseline 0.018 -25"><span class='ocrx_word' id='word_1_450' title='bbox 1106 873 1225 935; x_wconf 65' lang='lat' dir='ltr'>cuidem,</span> <span class='ocrx_word' id='word_1_451' title='bbox 1242 876 1262 925; x_wconf 84' lang='lat' dir='ltr'>si</span> <span class='ocrx_word' id='word_1_452' title='bbox 1276 876 1301 926; x_wconf 85' lang='lat' dir='ltr'>id</span> <span class='ocrx_word' id='word_1_453' title='bbox 1312 890 1454 942; x_wconf 73' lang='lat' dir='ltr'>nvagnopere</span> <span class='ocrx_word' id='word_1_454' title='bbox 1465 881 1565 943; x_wconf 83' lang='lat' dir='ltr'>retient,</span> <span class='ocrx_word' id='word_1_455' title='bbox 1573 882 1726 933; x_wconf 78' lang='lat' dir='ltr'>avvxitioesse</span> <span class='ocrx_word' id='word_1_456' title='bbox 1736 891 1845 945; x_wconf 69' lang='lat' dir='ltr'>ponent</span> 
     </span>
    </p>
   </div>
   <div class='ocr_carea' id='block_1_7' title="bbox 1113 1003 1906 1159">
    <p class='ocr_par' dir='ltr' id='par_1_19' title="bbox 1113 1003 1906 1159">
     <span class='ocr_line' id='line_1_61' title="bbox 1141 1003 1906 1073; baseline 0.013 -22"><span class='ocrx_word' id='word_1_457' title='bbox 1141 1008 1184 1051; x_wconf 79' lang='lat' dir='ltr'>ut.</span> <span class='ocrx_word' id='word_1_458' title='bbox 1200 1003 1299 1054; x_wconf 77' lang='lat' dir='ltr'>cbevoe</span> <span class='ocrx_word' id='word_1_459' title='bbox 1316 1018 1372 1067; x_wconf 75' lang='lat' dir='ltr'>ergo</span> <span class='ocrx_word' id='word_1_460' title='bbox 1392 1006 1461 1057; x_wconf 80' lang='lat' dir='ltr'>diem</span> <span class='ocrx_word' id='word_1_461' title='bbox 1475 1021 1509 1057; x_wconf 76' lang='lat' dir='ltr'>ee</span> <span class='ocrx_word' id='word_1_462' title='bbox 1528 1008 1572 1058; x_wconf 81' lang='lat' dir='ltr'>die</span> <span class='ocrx_word' id='word_1_463' title='bbox 1583 1010 1751 1073; x_wconf 83' lang='lat' dir='ltr'>exspectabat,</span> <span class='ocrx_word' id='word_1_464' title='bbox 1765 1025 1888 1073; x_wconf 75' lang='lat' dir='ltr'>quumque</span> <span class='ocrx_word' id='word_1_465' title='bbox 1904 1026 1906 1061; x_wconf 82' lang='grc' dir='ltr'>ι</span> 
     </span>
     <span class='ocr_line' id='line_1_62' title="bbox 1113 1088 1888 1159; baseline 0.014 -22"><span class='ocrx_word' id='word_1_466' title='bbox 1113 1088 1223 1139; x_wconf 82' lang='lat' dir='ltr'>adessent</span> <span class='ocrx_word' id='word_1_467' title='bbox 1231 1094 1383 1154; x_wconf 81' lang='lat' dir='ltr'>epectecniu,</span> <span class='ocrx_word' id='word_1_468' title='bbox 1396 1093 1521 1157; x_wconf 85' lang='lat' dir='ltr'>primodie</span> <span class='ocrx_word' id='word_1_469' title='bbox 1530 1094 1561 1144; x_wconf 79' lang='lat' dir='ltr'>ed</span> <span class='ocrx_word' id='word_1_470' title='bbox 1571 1110 1621 1146; x_wconf 87' lang='lat' dir='ltr'>rem</span> <span class='ocrx_word' id='word_1_471' title='bbox 1629 1097 1724 1159; x_wconf 74' lang='lat' dir='ltr'>eggvedi</span> <span class='ocrx_word' id='word_1_472' title='bbox 1732 1100 1888 1148; x_wconf 79' lang='lat' dir='ltr'>constituiun</span> 
     </span>
    </p>
   </div>
   <div class='ocr_carea' id='block_1_8' title="bbox 1105 1178 1889 1248">
    <p class='ocr_par' dir='ltr' id='par_1_20' title="bbox 1105 1178 1889 1248">
     <span class='ocr_line' id='line_1_63' title="bbox 1105 1178 1889 1248; baseline 0.011 -24"><span class='ocrx_word' id='word_1_473' title='bbox 1105 1181 1164 1225; x_wconf 48' lang='lat' dir='ltr'>*crat</span> <span class='ocrx_word' id='word_1_474' title='bbox 1184 1178 1251 1227; x_wconf 81' lang='lat' dir='ltr'>:sed</span> <span class='ocrx_word' id='word_1_475' title='bbox 1264 1179 1374 1240; x_wconf 75' lang='grc' dir='ltr'>ἰοτιιιοε,</span> <span class='ocrx_word' id='word_1_476' title='bbox 1389 1194 1447 1245; x_wconf 79' lang='lat' dir='ltr'>quae</span> <span class='ocrx_word' id='word_1_477' title='bbox 1462 1196 1541 1232; x_wconf 86' lang='lat' dir='ltr'>nteras</span> <span class='ocrx_word' id='word_1_478' title='bbox 1559 1183 1713 1247; x_wconf 65' lang='lat' dir='ltr'>interposuit,</span> <span class='ocrx_word' id='word_1_479' title='bbox 1728 1186 1786 1248; x_wconf 86' lang='lat' dir='ltr'>pins</span> <span class='ocrx_word' id='word_1_480' title='bbox 1800 1192 1889 1248; x_wconf 80' lang='lat' dir='ltr'>poterat</span> 
     </span>
    </p>
   </div>
   <div class='ocr_carea' id='block_1_9' title="bbox 1113 1266 1889 1336">
    <p class='ocr_par' dir='ltr' id='par_1_21' title="bbox 1113 1266 1889 1336">
     <span class='ocr_line' id='line_1_64' title="bbox 1113 1266 1889 1336; baseline 0.012 -24"><span class='ocrx_word' id='word_1_481' title='bbox 1113 1278 1185 1326; x_wconf 85' lang='lat' dir='ltr'>quem</span> <span class='ocrx_word' id='word_1_482' title='bbox 1197 1266 1410 1331; x_wconf 81' lang='lat' dir='ltr'>consitium,quod</span> <span class='ocrx_word' id='word_1_483' title='bbox 1425 1273 1508 1319; x_wconf 82' lang='lat' dir='ltr'>contra</span> <span class='ocrx_word' id='word_1_484' title='bbox 1526 1269 1606 1334; x_wconf 88' lang='lat' dir='ltr'>ipsam</span> <span class='ocrx_word' id='word_1_485' title='bbox 1622 1276 1736 1333; x_wconf 85' lang='lat' dir='ltr'>ceperant</span> <span class='ocrx_word' id='word_1_486' title='bbox 1748 1287 1755 1320; x_wconf 73' lang='grc' dir='ltr'><strong>ε</strong></span> <span class='ocrx_word' id='word_1_487' title='bbox 1765 1286 1889 1336; x_wconf 74' lang='lat' dir='ltr'>quumque</span> 
     </span>
    </p>
   </div>
   <div class='ocr_carea' id='block_1_10' title="bbox 1106 1347 1888 1420">
    <p class='ocr_par' dir='ltr' id='par_1_22' title="bbox 1106 1347 1888 1420">
     <span class='ocr_line' id='line_1_65' title="bbox 1106 1347 1888 1420; baseline 0.012 -20"><span class='ocrx_word' id='word_1_488' title='bbox 1106 1347 1323 1406; x_wconf 68' lang='lat' dir='ltr'>uestimento</span> <span class='ocrx_word' id='word_1_489' title='bbox 1338 1356 1447 1406; x_wconf 86' lang='lat' dir='ltr'>soteuaes</span> <span class='ocrx_word' id='word_1_490' title='bbox 1455 1357 1517 1408; x_wconf 84' lang='lat' dir='ltr'>eiivii</span> <span class='ocrx_word' id='word_1_491' title='bbox 1535 1349 1627 1419; x_wconf 80' lang='lat' dir='ltr'>agendo</span> <span class='ocrx_word' id='word_1_492' title='bbox 1645 1364 1787 1420; x_wconf 72' lang='lat' dir='ltr'>tererentur,</span> <span class='ocrx_word' id='word_1_493' title='bbox 1801 1362 1842 1410; x_wconf 80' lang='lat' dir='ltr'>rix</span> <span class='ocrx_word' id='word_1_494' title='bbox 1854 1361 1888 1409; x_wconf 81' lang='lat' dir='ltr'>die</span> 
     </span>
    </p>
   </div>
   <div class='ocr_carea' id='block_1_11' title="bbox 1102 1440 1906 4607">
    <p class='ocr_par' dir='ltr' id='par_1_23' title="bbox 1102 1440 1906 4607">
     <span class='ocr_line' id='line_1_66' title="bbox 1114 1440 1906 1509; baseline 0.011 -21"><span class='ocrx_word' id='word_1_495' title='bbox 1114 1440 1246 1490; x_wconf 87' lang='lat' dir='ltr'>novissimo</span> <span class='ocrx_word' id='word_1_496' title='bbox 1262 1442 1417 1493; x_wconf 80' lang='lat' dir='ltr'>obtinuerunt</span> <span class='ocrx_word' id='word_1_497' title='bbox 1431 1449 1459 1493; x_wconf 88' lang='lat' dir='ltr'>nt</span> <span class='ocrx_word' id='word_1_498' title='bbox 1477 1456 1515 1493; x_wconf 83' lang='lat' dir='ltr'>res</span> <span class='ocrx_word' id='word_1_499' title='bbox 1531 1446 1695 1495; x_wconf 72' lang='lat' dir='ltr'>conficeretur,</span> <span class='ocrx_word' id='word_1_500' title='bbox 1727 1450 1816 1509; x_wconf 80' lang='lat' dir='ltr'>itaque</span> <span class='ocrx_word' id='word_1_501' title='bbox 1826 1449 1888 1496; x_wconf 64' lang='lat' dir='ltr'>etse</span> <span class='ocrx_word' id='word_1_502' title='bbox 1904 1454 1906 1507; x_wconf 76' lang='lat' dir='ltr'>i</span> 
     </span>
     <span class='ocr_line' id='line_1_67' title="bbox 1114 1530 1887 1594; baseline 0.008 -17"><span class='ocrx_word' id='word_1_503' title='bbox 1114 1540 1167 1589; x_wconf 84' lang='lat' dir='ltr'>reo,</span> <span class='ocrx_word' id='word_1_504' title='bbox 1191 1530 1331 1579; x_wconf 79' lang='lat' dir='ltr'>consonatis</span> <span class='ocrx_word' id='word_1_505' title='bbox 1352 1531 1394 1593; x_wconf 88' lang='lat' dir='ltr'>qni</span> <span class='ocrx_word' id='word_1_506' title='bbox 1414 1532 1609 1594; x_wconf 83' lang='lat' dir='ltr'>oouiurrverant,</span> <span class='ocrx_word' id='word_1_507' title='bbox 1629 1531 1738 1594; x_wconf 82' lang='lat' dir='ltr'>dicebet,</span> <span class='ocrx_word' id='word_1_508' title='bbox 1759 1554 1773 1577; x_wconf 89' lang='grc' dir='ltr'>ιι</span> <span class='ocrx_word' id='word_1_509' title='bbox 1790 1536 1887 1583; x_wconf 78' lang='grc' dir='ltr'>ωοΙιεα</span> 
     </span>
     <span class='ocr_line' id='line_1_68' title="bbox 1107 1614 1887 1683; baseline 0.014 -21"><span class='ocrx_word' id='word_1_510' title='bbox 1107 1614 1236 1676; x_wconf 61' lang='lat' dir='ltr'>¹equidem</span> <span class='ocrx_word' id='word_1_511' title='bbox 1261 1616 1368 1679; x_wconf 82' lang='lat' dir='ltr'>elapsum</span> <span class='ocrx_word' id='word_1_512' title='bbox 1393 1623 1430 1667; x_wconf 88' lang='lat' dir='ltr'>est</span> <span class='ocrx_word' id='word_1_513' title='bbox 1451 1620 1577 1682; x_wconf 87' lang='lat' dir='ltr'>temporis,</span> <span class='ocrx_word' id='word_1_514' title='bbox 1597 1620 1662 1682; x_wconf 81' lang='lat' dir='ltr'>quod</span> <span class='ocrx_word' id='word_1_515' title='bbox 1679 1620 1749 1671; x_wconf 83' lang='lat' dir='ltr'>uobis</span> <span class='ocrx_word' id='word_1_516' title='bbox 1765 1622 1887 1683; x_wconf 54' lang='lat' dir='ltr'>mntem</span> 
     </span>
     <span class='ocr_line' id='line_1_69' title="bbox 1114 1702 1888 1770; baseline 0.013 -22"><span class='ocrx_word' id='word_1_517' title='bbox 1114 1702 1301 1763; x_wconf 73' lang='lat' dir='ltr'>wexprobratin</span> <span class='ocrx_word' id='word_1_518' title='bbox 1313 1704 1420 1753; x_wconf 85' lang='lat' dir='ltr'>tvonestis</span> <span class='ocrx_word' id='word_1_519' title='bbox 1431 1706 1536 1755; x_wconf 78' lang='lat' dir='ltr'>comitiis</span> <span class='ocrx_word' id='word_1_520' title='bbox 1544 1707 1704 1769; x_wconf 83' lang='lat' dir='ltr'>exsequendis</span> <span class='ocrx_word' id='word_1_521' title='bbox 1713 1722 1721 1757; x_wconf 71' lang='grc' dir='ltr'><strong><em>ε</em></strong></span> <span class='ocrx_word' id='word_1_522' title='bbox 1729 1722 1806 1770; x_wconf 78' lang='lat' dir='ltr'>grave</span> <span class='ocrx_word' id='word_1_523' title='bbox 1815 1712 1888 1758; x_wconf 81' lang='lat' dir='ltr'>antero</span> 
     </span>
     <span class='ocr_line' id='line_1_70' title="bbox 1115 1789 1888 1858; baseline 0.013 -22"><span class='ocrx_word' id='word_1_524' title='bbox 1115 1806 1128 1831; x_wconf 79' lang='grc' dir='ltr'>ν</span> <span class='ocrx_word' id='word_1_525' title='bbox 1143 1789 1189 1837; x_wconf 84' lang='lat' dir='ltr'>etit</span> <span class='ocrx_word' id='word_1_526' title='bbox 1195 1824 1204 1849; x_wconf 94' lang='lat'>,</span> <span class='ocrx_word' id='word_1_527' title='bbox 1215 1790 1275 1839; x_wconf 79' lang='lat' dir='ltr'>siex</span> <span class='ocrx_word' id='word_1_528' title='bbox 1286 1790 1386 1853; x_wconf 77' lang='lat' dir='ltr'>aiicrtjus</span> <span class='ocrx_word' id='word_1_529' title='bbox 1395 1791 1481 1841; x_wconf 89' lang='lat' dir='ltr'>indicio</span> <span class='ocrx_word' id='word_1_530' title='bbox 1492 1794 1516 1842; x_wconf 91' lang='lat' dir='ltr'>in</span> <span class='ocrx_word' id='word_1_531' title='bbox 1528 1793 1629 1843; x_wconf 87' lang='lat' dir='ltr'>uitriium</span> <span class='ocrx_word' id='word_1_532' title='bbox 1638 1794 1727 1844; x_wconf 79' lang='lat' dir='ltr'>recidet</span> <span class='ocrx_word' id='word_1_533' title='bbox 1737 1796 1806 1858; x_wconf 76' lang='lat' dir='ltr'>quod</span> <span class='ocrx_word' id='word_1_534' title='bbox 1816 1810 1888 1845; x_wconf 82' lang='lat' dir='ltr'>snsce-</span> 
     </span>
     <span class='ocr_line' id='line_1_71' title="bbox 1108 1875 1906 1953; baseline 0.019 -31"><span class='ocrx_word' id='word_1_535' title='bbox 1108 1892 1128 1916; x_wconf 69' lang='grc' dir='ltr'>«ιι</span> <span class='ocrx_word' id='word_1_536' title='bbox 1139 1875 1231 1937; x_wconf 81' lang='lat' dir='ltr'><strong>pimus,</strong></span> <span class='ocrx_word' id='word_1_537' title='bbox 1249 1882 1274 1927; x_wconf 89' lang='lat' dir='ltr'>et</span> <span class='ocrx_word' id='word_1_538' title='bbox 1285 1878 1358 1927; x_wconf 81' lang='lat' dir='ltr'>coins</span> <span class='ocrx_word' id='word_1_539' title='bbox 1375 1878 1431 1927; x_wconf 84' lang='lat' dir='ltr'>inde</span> <span class='ocrx_word' id='word_1_540' title='bbox 1444 1880 1598 1929; x_wconf 67' lang='lat' dir='ltr'>exacerbatus</span> <span class='ocrx_word' id='word_1_541' title='bbox 1615 1882 1691 1953; x_wconf 57' lang='grc' dir='ltr'>πιψ</span> <span class='ocrx_word' id='word_1_542' title='bbox 1708 1882 1784 1931; x_wconf 77' lang='lat' dir='ltr'>etium</span> <span class='ocrx_word' id='word_1_543' title='bbox 1796 1885 1885 1933; x_wconf 68' lang='lat' dir='ltr'>certet.</span> <span class='ocrx_word' id='word_1_544' title='bbox 1904 1898 1906 1938; x_wconf 81' lang='lat' dir='ltr'>t</span> 
     </span>
     <span class='ocr_line' id='line_1_72' title="bbox 1115 1964 1884 2033; baseline 0.014 -23"><span class='ocrx_word' id='word_1_545' title='bbox 1115 1981 1127 2004; x_wconf 75' lang='grc' dir='ltr'>ι</span> <span class='ocrx_word' id='word_1_546' title='bbox 1140 1968 1175 2014; x_wconf 79' lang='lat' dir='ltr'>An</span> <span class='ocrx_word' id='word_1_547' title='bbox 1195 1978 1242 2013; x_wconf 89' lang='lat' dir='ltr'>non</span> <span class='ocrx_word' id='word_1_548' title='bbox 1255 1964 1364 2015; x_wconf 84' lang='lat' dir='ltr'>videmus</span> <span class='ocrx_word' id='word_1_549' title='bbox 1378 1966 1442 2028; x_wconf 84' lang='grc' dir='ltr'>ιμιοθ</span> <span class='ocrx_word' id='word_1_550' title='bbox 1454 1967 1557 2017; x_wconf 73' lang='lat' dir='ltr'>libertati</span> <span class='ocrx_word' id='word_1_551' title='bbox 1574 1973 1610 2019; x_wconf 92' lang='lat' dir='ltr'>tot</span> <span class='ocrx_word' id='word_1_552' title='bbox 1619 1968 1671 2019; x_wconf 87' lang='lat' dir='ltr'>dies</span> <span class='ocrx_word' id='word_1_553' title='bbox 1680 1969 1819 2020; x_wconf 70' lang='lat' dir='ltr'>anteimus</span> <span class='ocrx_word' id='word_1_554' title='bbox 1832 1978 1884 2033; x_wconf 79' lang='lat' dir='ltr'>qud</span> 
     </span>
     <span class='ocr_line' id='line_1_73' title="bbox 1114 2050 1882 2121; baseline 0.014 -23"><span class='ocrx_word' id='word_1_555' title='bbox 1114 2069 1125 2091; x_wconf 81' lang='grc' dir='ltr'>ιι</span> <span class='ocrx_word' id='word_1_556' title='bbox 1133 2050 1189 2099; x_wconf 75' lang='lat' dir='ltr'>caii</span> <span class='ocrx_word' id='word_1_557' title='bbox 1198 2051 1316 2113; x_wconf 79' lang='lat' dir='ltr'>tyrannidi</span> <span class='ocrx_word' id='word_1_558' title='bbox 1327 2052 1441 2104; x_wconf 84' lang='lat' dir='ltr'>addentes</span> <span class='ocrx_word' id='word_1_559' title='bbox 1452 2055 1571 2117; x_wconf 71' lang='lat' dir='ltr'>largimur,</span> <span class='ocrx_word' id='word_1_560' title='bbox 1583 2070 1657 2119; x_wconf 86' lang='lat' dir='ltr'>quvvm</span> <span class='ocrx_word' id='word_1_561' title='bbox 1667 2058 1801 2108; x_wconf 75' lang='grc' dir='ltr'>θεθεεονυε</span> <span class='ocrx_word' id='word_1_562' title='bbox 1813 2059 1836 2107; x_wconf 85' lang='lat' dir='ltr'>iu</span> <span class='ocrx_word' id='word_1_563' title='bbox 1846 2074 1882 2121; x_wconf 88' lang='lat' dir='ltr'>po·</span> 
     </span>
     <span class='ocr_line' id='line_1_74' title="bbox 1114 2138 1906 2208; baseline 0.006 -22"><span class='ocrx_word' id='word_1_564' title='bbox 1114 2157 1125 2180; x_wconf 81' lang='grc' dir='ltr'>ιι</span> <span class='ocrx_word' id='word_1_565' title='bbox 1137 2138 1227 2187; x_wconf 85' lang='lat' dir='ltr'>storum</span> <span class='ocrx_word' id='word_1_566' title='bbox 1237 2139 1357 2189; x_wconf 77' lang='lat' dir='ltr'>nobismet</span> <span class='ocrx_word' id='word_1_567' title='bbox 1367 2142 1519 2191; x_wconf 77' lang='lat' dir='ltr'>securitatem</span> <span class='ocrx_word' id='word_1_568' title='bbox 1528 2156 1623 2205; x_wconf 86' lang='lat' dir='ltr'>parare,</span> <span class='ocrx_word' id='word_1_569' title='bbox 1634 2144 1781 2208; x_wconf 85' lang='lat' dir='ltr'>retiqnieqne</span> <span class='ocrx_word' id='word_1_570' title='bbox 1795 2147 1884 2195; x_wconf 73' lang='lat' dir='ltr'>tetidta·</span> <span class='ocrx_word' id='word_1_571' title='bbox 1905 2188 1906 2191; x_wconf 76' lang='grc'>,</span> 
     </span>
     <span class='ocr_line' id='line_1_75' title="bbox 1112 2225 1883 2287; baseline 0.016 -15"><span class='ocrx_word' id='word_1_572' title='bbox 1112 2244 1124 2267; x_wconf 79' lang='grc' dir='ltr'>ι</span> <span class='ocrx_word' id='word_1_573' title='bbox 1138 2228 1186 2273; x_wconf 88' lang='lat' dir='ltr'>tem</span> <span class='ocrx_word' id='word_1_574' title='bbox 1194 2225 1314 2287; x_wconf 81' lang='lat' dir='ltr'>targtendn</span> <span class='ocrx_word' id='word_1_575' title='bbox 1321 2227 1351 2277; x_wconf 84' lang='lat' dir='ltr'>ed</span> <span class='ocrx_word' id='word_1_576' title='bbox 1359 2228 1524 2280; x_wconf 88' lang='lat' dir='ltr'>secuiaomnia</span> <span class='ocrx_word' id='word_1_577' title='bbox 1533 2236 1631 2279; x_wconf 86' lang='lat' dir='ltr'>ventura</span> <span class='ocrx_word' id='word_1_578' title='bbox 1638 2231 1662 2279; x_wconf 94' lang='lat' dir='ltr'>in</span> <span class='ocrx_word' id='word_1_579' title='bbox 1669 2231 1883 2283; x_wconf 67' lang='lat' dir='ltr'>contuitum</span> 
     </span>
     <span class='ocr_line' id='line_1_76' title="bbox 1112 2313 1906 2383; baseline 0.01 -22"><span class='ocrx_word' id='word_1_580' title='bbox 1112 2332 1123 2353; x_wconf 86' lang='grc' dir='ltr'>ι</span> <span class='ocrx_word' id='word_1_581' title='bbox 1137 2313 1881 2383; x_wconf 69' lang='lat' dir='ltr'>nttsoooreinonumaniemiitioontraistabooestequidqmn</span> <span class='ocrx_word' id='word_1_582' title='bbox 1905 2324 1906 2377; x_wconf 79' lang='lat' dir='ltr'>i</span> 
     </span>
     <span class='ocr_line' id='line_1_77' title="bbox 1111 2398 1884 2471; baseline 0.013 -25"><span class='ocrx_word' id='word_1_583' title='bbox 1111 2398 1190 2448; x_wconf 80' lang='lat' dir='ltr'>‹ticere</span> <span class='ocrx_word' id='word_1_584' title='bbox 1196 2413 1247 2449; x_wconf 86' lang='lat' dir='ltr'>uon</span> <span class='ocrx_word' id='word_1_585' title='bbox 1257 2404 1367 2462; x_wconf 88' lang='lat' dir='ltr'>possent,</span> <span class='ocrx_word' id='word_1_586' title='bbox 1382 2414 1459 2465; x_wconf 85' lang='lat' dir='ltr'>neque</span> <span class='ocrx_word' id='word_1_587' title='bbox 1469 2406 1556 2453; x_wconf 83' lang='lat' dir='ltr'>tumen</span> <span class='ocrx_word' id='word_1_588' title='bbox 1573 2404 1662 2453; x_wconf 86' lang='lat' dir='ltr'>iaciuns</span> <span class='ocrx_word' id='word_1_589' title='bbox 1678 2406 1756 2468; x_wconf 69' lang='lat' dir='ltr'>putam</span> <span class='ocrx_word' id='word_1_590' title='bbox 1773 2408 1884 2471; x_wconf 77' lang='lat' dir='ltr'>approbr-</span> 
     </span>
     <span class='ocr_line' id='line_1_78' title="bbox 1113 2486 1906 2565; baseline 0.013 -31"><span class='ocrx_word' id='word_1_591' title='bbox 1113 2492 1178 2546; x_wconf 86' lang='lat' dir='ltr'>vent‚</span> <span class='ocrx_word' id='word_1_592' title='bbox 1200 2486 1241 2536; x_wconf 86' lang='lat' dir='ltr'>sod</span> <span class='ocrx_word' id='word_1_593' title='bbox 1264 2490 1332 2550; x_wconf 83' lang='lat' dir='ltr'>quusi</span> <span class='ocrx_word' id='word_1_594' title='bbox 1355 2489 1514 2551; x_wconf 79' lang='lat' dir='ltr'>obstupefacti</span> <span class='ocrx_word' id='word_1_595' title='bbox 1539 2492 1740 2553; x_wconf 79' lang='lat' dir='ltr'>conticescerent,</span> <span class='ocrx_word' id='word_1_596' title='bbox 1763 2499 1822 2543; x_wconf 87' lang='lat' dir='ltr'>tum</span> <span class='ocrx_word' id='word_1_597' title='bbox 1840 2496 1884 2551; x_wconf 80' lang='lat' dir='ltr'>die,</span> <span class='ocrx_word' id='word_1_598' title='bbox 1905 2562 1906 2565; x_wconf 9' lang='grc' dir='ltr'>γ</span> 
     </span>
     <span class='ocr_line' id='line_1_79' title="bbox 1111 2575 1906 2642; baseline 0.01 -21"><span class='ocrx_word' id='word_1_599' title='bbox 1111 2594 1123 2618; x_wconf 91' lang='grc' dir='ltr'>ι</span> <span class='ocrx_word' id='word_1_600' title='bbox 1136 2575 1207 2637; x_wconf 78' lang='lat' dir='ltr'>quiri,</span> <span class='ocrx_word' id='word_1_601' title='bbox 1221 2576 1311 2637; x_wconf 81' lang='lat' dir='ltr'>inquit,</span> <span class='ocrx_word' id='word_1_602' title='bbox 1323 2590 1339 2625; x_wconf 86' lang='lat' dir='ltr'>o</span> <span class='ocrx_word' id='word_1_603' title='bbox 1351 2576 1395 2625; x_wconf 83' lang='lat' dir='ltr'>viri</span> <span class='ocrx_word' id='word_1_604' title='bbox 1407 2577 1493 2638; x_wconf 77' lang='lat' dir='ltr'>toties,</span> <span class='ocrx_word' id='word_1_605' title='bbox 1503 2580 1644 2627; x_wconf 86' lang='lat' dir='ltr'>cunctamur</span> <span class='ocrx_word' id='word_1_606' title='bbox 1652 2582 1882 2642; x_wconf 72' lang='lat' dir='ltr'>etiergiversamnr?</span> <span class='ocrx_word' id='word_1_607' title='bbox 1905 2586 1906 2595; x_wconf 61' lang='lat'>¹</span> 
     </span>
     <span class='ocr_line' id='line_1_80' title="bbox 1110 2666 1883 2731; baseline 0.013 -18"><span class='ocrx_word' id='word_1_608' title='bbox 1110 2685 1120 2718; x_wconf 75' lang='grc' dir='ltr'>ι·</span> <span class='ocrx_word' id='word_1_609' title='bbox 1135 2678 1214 2715; x_wconf 89' lang='lat' dir='ltr'>nonne</span> <span class='ocrx_word' id='word_1_610' title='bbox 1229 2666 1316 2715; x_wconf 87' lang='lat' dir='ltr'>videtis</span> <span class='ocrx_word' id='word_1_611' title='bbox 1331 2668 1398 2717; x_wconf 80' lang='lat' dir='ltr'>imno</span> <span class='ocrx_word' id='word_1_612' title='bbox 1409 2681 1462 2717; x_wconf 87' lang='lat' dir='ltr'>esee</span> <span class='ocrx_word' id='word_1_613' title='bbox 1476 2671 1664 2731; x_wconf 72' lang='lat' dir='ltr'>spectaculorum</span> <span class='ocrx_word' id='word_1_614' title='bbox 1680 2673 1745 2722; x_wconf 87' lang='lat' dir='ltr'>diem</span> <span class='ocrx_word' id='word_1_615' title='bbox 1759 2675 1883 2729; x_wconf 81' lang='lat' dir='ltr'>citimum,</span> 
     </span>
     <span class='ocr_line' id='line_1_81' title="bbox 1110 2756 1906 2823; baseline 0.008 -18"><span class='ocrx_word' id='word_1_616' title='bbox 1110 2776 1122 2799; x_wconf 90' lang='grc' dir='ltr'>ι</span> <span class='ocrx_word' id='word_1_617' title='bbox 1135 2763 1159 2805; x_wconf 88' lang='lat' dir='ltr'>et</span> <span class='ocrx_word' id='word_1_618' title='bbox 1169 2758 1252 2807; x_wconf 77' lang='lat' dir='ltr'>coitum</span> <span class='ocrx_word' id='word_1_619' title='bbox 1263 2759 1428 2821; x_wconf 71' lang='lat' dir='ltr'>navigaturum</span> <span class='ocrx_word' id='word_1_620' title='bbox 1436 2764 1504 2809; x_wconf 79' lang='lat' dir='ltr'>esset</span> <span class='ocrx_word' id='word_1_621' title='bbox 1513 2769 1692 2823; x_wconf 74' lang='lat' dir='ltr'>comparaverat</span> <span class='ocrx_word' id='word_1_622' title='bbox 1701 2764 1881 2814; x_wconf 85' lang='lat' dir='ltr'>enimsentoa·</span> <span class='ocrx_word' id='word_1_623' title='bbox 1904 2756 1906 2799; x_wconf 80' lang='grc' dir='ltr'>ί</span> 
     </span>
     <span class='ocr_line' id='line_1_82' title="bbox 1110 2849 1881 2917; baseline 0.013 -26"><span class='ocrx_word' id='word_1_624' title='bbox 1110 2868 1122 2891; x_wconf 72' lang='grc' dir='ltr'>ι</span> <span class='ocrx_word' id='word_1_625' title='bbox 1135 2849 1881 2917; x_wconf 64' lang='grc' dir='ltr'>νίίιιιελίοκαοθτίοωρτοθάεεετοίοτ,ῶςγμ1ἰνίοεοι1ωςιαιίε,·</span> 
     </span>
     <span class='ocr_line' id='line_1_83' title="bbox 1110 2939 1906 2997; baseline 0.008 -10"><span class='ocrx_word' id='word_1_626' title='bbox 1110 2958 1121 2981; x_wconf 79' lang='grc' dir='ltr'>ν</span> <span class='ocrx_word' id='word_1_627' title='bbox 1136 2939 1246 2989; x_wconf 84' lang='lat' dir='ltr'>t‘uicrum</span> <span class='ocrx_word' id='word_1_628' title='bbox 1256 2945 1336 2989; x_wconf 89' lang='lat' dir='ltr'>autem</span> <span class='ocrx_word' id='word_1_629' title='bbox 1348 2939 1417 2991; x_wconf 88' lang='lat' dir='ltr'>uobis</span> <span class='ocrx_word' id='word_1_630' title='bbox 1428 2942 1474 2991; x_wconf 86' lang='lat' dir='ltr'>erit</span> <span class='ocrx_word' id='word_1_631' title='bbox 1482 2954 1496 2991; x_wconf 94' lang='lat' dir='ltr'>e</span> <span class='ocrx_word' id='word_1_632' title='bbox 1504 2942 1616 2992; x_wconf 85' lang='lat' dir='ltr'>monibus</span> <span class='ocrx_word' id='word_1_633' title='bbox 1629 2943 1751 2994; x_wconf 81' lang='lat' dir='ltr'>dimittere</span> <span class='ocrx_word' id='word_1_634' title='bbox 1764 2946 1881 2997; x_wconf 73' lang='lat' dir='ltr'>bominem</span> <span class='ocrx_word' id='word_1_635' title='bbox 1905 2990 1906 2993; x_wconf 76' lang='grc'>,</span> 
     </span>
     <span class='ocr_line' id='line_1_84' title="bbox 1109 3025 1906 3095; baseline 0.014 -17"><span class='ocrx_word' id='word_1_636' title='bbox 1109 3025 1322 3093; x_wconf 74' lang='lat' dir='ltr'>«propudiosum,</span> <span class='ocrx_word' id='word_1_637' title='bbox 1341 3045 1397 3081; x_wconf 87' lang='lat' dir='ltr'>cum</span> <span class='ocrx_word' id='word_1_638' title='bbox 1413 3033 1535 3095; x_wconf 78' lang='lat' dir='ltr'>magnifica</span> <span class='ocrx_word' id='word_1_639' title='bbox 1551 3037 1715 3085; x_wconf 84' lang='lat' dir='ltr'>iiommorum</span> <span class='ocrx_word' id='word_1_640' title='bbox 1726 3041 1881 3088; x_wconf 73' lang='lat' dir='ltr'>ommuttone</span> <span class='ocrx_word' id='word_1_641' title='bbox 1905 3086 1906 3089; x_wconf 76' lang='grc'>,</span> 
     </span>
     <span class='ocr_line' id='line_1_85' title="bbox 1109 3121 1906 3191; baseline 0.019 -24"><span class='ocrx_word' id='word_1_642' title='bbox 1109 3138 1121 3161; x_wconf 77' lang='grc' dir='ltr'>ν</span> <span class='ocrx_word' id='word_1_643' title='bbox 1134 3121 1197 3169; x_wconf 89' lang='lat' dir='ltr'>terra</span> <span class='ocrx_word' id='word_1_644' title='bbox 1207 3122 1313 3184; x_wconf 82' lang='lat' dir='ltr'>morique</span> <span class='ocrx_word' id='word_1_645' title='bbox 1323 3123 1487 3174; x_wconf 78' lang='lat' dir='ltr'>incessurum?</span> <span class='ocrx_word' id='word_1_646' title='bbox 1498 3126 1625 3183; x_wconf 87' lang='lat' dir='ltr'>Quomodo</span> <span class='ocrx_word' id='word_1_647' title='bbox 1634 3140 1691 3175; x_wconf 88' lang='lat' dir='ltr'>vere</span> <span class='ocrx_word' id='word_1_648' title='bbox 1703 3141 1751 3177; x_wconf 84' lang='lat' dir='ltr'>nou</span> <span class='ocrx_word' id='word_1_649' title='bbox 1759 3130 1815 3191; x_wconf 83' lang='lat' dir='ltr'>jure</span> <span class='ocrx_word' id='word_1_650' title='bbox 1823 3146 1882 3181; x_wconf 82' lang='lat' dir='ltr'>ocor·</span> <span class='ocrx_word' id='word_1_651' title='bbox 1905 3144 1906 3151; x_wconf 57' lang='lat'>¹</span> 
     </span>
     <span class='ocr_line' id='line_1_86' title="bbox 1108 3182 1906 3282; baseline 0.006 -21"><span class='ocrx_word' id='word_1_652' title='bbox 1108 3230 1120 3255; x_wconf 89' lang='grc' dir='ltr'>ι</span> <span class='ocrx_word' id='word_1_653' title='bbox 1133 3225 1222 3273; x_wconf 85' lang='lat' dir='ltr'>semur,</span> <span class='ocrx_word' id='word_1_654' title='bbox 1235 3215 1263 3263; x_wconf 92' lang='lat' dir='ltr'>nt</span> <span class='ocrx_word' id='word_1_655' title='bbox 1279 3227 1341 3277; x_wconf 85' lang='lat' dir='ltr'>quos</span> <span class='ocrx_word' id='word_1_656' title='bbox 1357 3215 1446 3277; x_wconf 87' lang='lat' dir='ltr'>pudeat</span> <span class='ocrx_word' id='word_1_657' title='bbox 1456 3229 1539 3266; x_wconf 87' lang='lat' dir='ltr'>eorum</span> <span class='ocrx_word' id='word_1_658' title='bbox 1548 3228 1603 3278; x_wconf 74' lang='lat' dir='ltr'>quos</span> <span class='ocrx_word' id='word_1_659' title='bbox 1617 3216 1688 3274; x_wconf 81' lang='lat' dir='ltr'>sient,</span> <span class='ocrx_word' id='word_1_660' title='bbox 1699 3217 1723 3266; x_wconf 85' lang='lat' dir='ltr'>si</span> <span class='ocrx_word' id='word_1_661' title='bbox 1740 3218 1798 3278; x_wconf 83' lang='lat' dir='ltr'>quis</span> <span class='ocrx_word' id='word_1_662' title='bbox 1809 3222 1879 3282; x_wconf 75' lang='lat' dir='ltr'>ipsvm</span> <span class='ocrx_word' id='word_1_663' title='bbox 1904 3182 1906 3255; x_wconf 82' lang='grc' dir='ltr'>ί</span> 
     </span>
     <span class='ocr_line' id='line_1_87' title="bbox 1108 3300 1906 3370; baseline 0.009 -19"><span class='ocrx_word' id='word_1_664' title='bbox 1108 3321 1121 3345; x_wconf 80' lang='grc' dir='ltr'>ι</span> <span class='ocrx_word' id='word_1_665' title='bbox 1132 3306 1256 3367; x_wconf 76' lang='lat' dir='ltr'>AEgyptins</span> <span class='ocrx_word' id='word_1_666' title='bbox 1268 3307 1329 3356; x_wconf 83' lang='lat' dir='ltr'>toric</span> <span class='ocrx_word' id='word_1_667' title='bbox 1341 3308 1442 3370; x_wconf 88' lang='lat' dir='ltr'>perimat</span> <span class='ocrx_word' id='word_1_668' title='bbox 1447 3343 1455 3368; x_wconf 92' lang='lat'>,</span> <span class='ocrx_word' id='word_1_669' title='bbox 1471 3307 1511 3369; x_wconf 84' lang='lat' dir='ltr'>qui</span> <span class='ocrx_word' id='word_1_670' title='bbox 1523 3306 1664 3368; x_wconf 78' lang='lat' dir='ltr'>iujuriarum</span> <span class='ocrx_word' id='word_1_671' title='bbox 1677 3307 1800 3357; x_wconf 82' lang='lat' dir='ltr'>insaniam</span> <span class='ocrx_word' id='word_1_672' title='bbox 1811 3308 1880 3357; x_wconf 80' lang='lat' dir='ltr'>tromt·</span> <span class='ocrx_word' id='word_1_673' title='bbox 1904 3300 1906 3369; x_wconf 60' lang='lat' dir='ltr'>J</span> 
     </span>
     <span class='ocr_line' id='line_1_88' title="bbox 1108 3389 1906 3461; baseline 0.01 -20"><span class='ocrx_word' id='word_1_674' title='bbox 1108 3412 1120 3435; x_wconf 84' lang='grc' dir='ltr'>ιι</span> <span class='ocrx_word' id='word_1_675' title='bbox 1133 3393 1203 3443; x_wconf 86' lang='lat' dir='ltr'>nibus</span> <span class='ocrx_word' id='word_1_676' title='bbox 1213 3393 1292 3443; x_wconf 88' lang='lat' dir='ltr'>tiberis</span> <span class='ocrx_word' id='word_1_677' title='bbox 1301 3399 1326 3443; x_wconf 88' lang='lat' dir='ltr'>et</span> <span class='ocrx_word' id='word_1_678' title='bbox 1336 3395 1444 3456; x_wconf 85' lang='lat' dir='ltr'>ingenuis</span> <span class='ocrx_word' id='word_1_679' title='bbox 1455 3397 1630 3446; x_wconf 80' lang='lat' dir='ltr'>nouievcodsm</span> <span class='ocrx_word' id='word_1_680' title='bbox 1638 3389 1829 3449; x_wconf 72' lang='lat' dir='ltr'>existimaverit?</span> <span class='ocrx_word' id='word_1_681' title='bbox 1838 3404 1881 3461; x_wconf 74' lang='lat' dir='ltr'>figo</span> <span class='ocrx_word' id='word_1_682' title='bbox 1905 3392 1906 3458; x_wconf 62' lang='lat' dir='ltr'>i</span> 
     </span>
     <span class='ocr_line' id='line_1_89' title="bbox 1107 3485 1906 3551; baseline 0.013 -22"><span class='ocrx_word' id='word_1_683' title='bbox 1107 3503 1120 3529; x_wconf 83' lang='grc' dir='ltr'>ι</span> <span class='ocrx_word' id='word_1_684' title='bbox 1133 3498 1189 3535; x_wconf 85' lang='lat' dir='ltr'>sone</span> <span class='ocrx_word' id='word_1_685' title='bbox 1200 3485 1406 3547; x_wconf 74' lang='lat' dir='ltr'>tergiversationes</span> <span class='ocrx_word' id='word_1_686' title='bbox 1419 3489 1510 3538; x_wconf 88' lang='lat' dir='ltr'>vestras</span> <span class='ocrx_word' id='word_1_687' title='bbox 1527 3502 1574 3538; x_wconf 90' lang='lat' dir='ltr'>non</span> <span class='ocrx_word' id='word_1_688' title='bbox 1586 3489 1690 3551; x_wconf 79' lang='lat' dir='ltr'>emptius</span> <span class='ocrx_word' id='word_1_689' title='bbox 1706 3491 1828 3551; x_wconf 86' lang='lat' dir='ltr'>morabor,</span> <span class='ocrx_word' id='word_1_690' title='bbox 1841 3492 1877 3539; x_wconf 79' lang='lat' dir='ltr'>rei</span> <span class='ocrx_word' id='word_1_691' title='bbox 1905 3488 1906 3495; x_wconf 77' lang='grc'>’</span> 
     </span>
     <span class='ocr_line' id='line_1_90' title="bbox 1108 3574 1906 3649; baseline 0.014 -28"><span class='ocrx_word' id='word_1_692' title='bbox 1108 3596 1120 3618; x_wconf 88' lang='grc' dir='ltr'>ιι</span> <span class='ocrx_word' id='word_1_693' title='bbox 1135 3574 1205 3624; x_wconf 81' lang='grc' dir='ltr'>Ιιοιίἰε</span> <span class='ocrx_word' id='word_1_694' title='bbox 1218 3579 1315 3637; x_wconf 71' lang='grc' dir='ltr'>ρετινυιτ</span> <span class='ocrx_word' id='word_1_695' title='bbox 1329 3590 1383 3627; x_wconf 86' lang='lat' dir='ltr'>sum</span> <span class='ocrx_word' id='word_1_696' title='bbox 1397 3582 1486 3628; x_wconf 88' lang='lat' dir='ltr'>memet</span> <span class='ocrx_word' id='word_1_697' title='bbox 1496 3579 1605 3642; x_wconf 88' lang='lat' dir='ltr'>pericuiis</span> <span class='ocrx_word' id='word_1_698' title='bbox 1616 3579 1734 3640; x_wconf 84' lang='lat' dir='ltr'>objicere,</span> <span class='ocrx_word' id='word_1_699' title='bbox 1744 3581 1877 3642; x_wconf 68' lang='lat' dir='ltr'>iubentique</span> <span class='ocrx_word' id='word_1_700' title='bbox 1905 3620 1906 3649; x_wconf 30' lang='grc' dir='ltr'>γ</span> 
     </span>
     <span class='ocr_line' id='line_1_91' title="bbox 1107 3667 1877 3733; baseline 0.016 -24"><span class='ocrx_word' id='word_1_701' title='bbox 1107 3685 1119 3709; x_wconf 82' lang='grc' dir='ltr'>ι</span> <span class='ocrx_word' id='word_1_702' title='bbox 1131 3668 1211 3715; x_wconf 88' lang='lat' dir='ltr'>animo</span> <span class='ocrx_word' id='word_1_703' title='bbox 1221 3667 1282 3717; x_wconf 87' lang='lat' dir='ltr'>terre</span> <span class='ocrx_word' id='word_1_704' title='bbox 1289 3668 1404 3730; x_wconf 84' lang='lat' dir='ltr'>quicquid</span> <span class='ocrx_word' id='word_1_705' title='bbox 1412 3670 1660 3732; x_wconf 75' lang='lat' dir='ltr'>proptereaeveoerit3</span> <span class='ocrx_word' id='word_1_706' title='bbox 1669 3674 1877 3733; x_wconf 67' lang='lat' dir='ltr'>uequeestntege</span> 
     </span>
     <span class='ocr_line' id='line_1_92' title="bbox 1107 3758 1876 3824; baseline 0.009 -21"><span class='ocrx_word' id='word_1_707' title='bbox 1107 3778 1119 3801; x_wconf 81' lang='grc' dir='ltr'>ιι</span> <span class='ocrx_word' id='word_1_708' title='bbox 1131 3758 1290 3820; x_wconf 85' lang='lat' dir='ltr'>quodcunque</span> <span class='ocrx_word' id='word_1_709' title='bbox 1301 3759 1346 3820; x_wconf 86' lang='lat' dir='ltr'>sit,</span> <span class='ocrx_word' id='word_1_710' title='bbox 1357 3772 1406 3809; x_wconf 87' lang='lat' dir='ltr'>rem</span> <span class='ocrx_word' id='word_1_711' title='bbox 1416 3760 1593 3822; x_wconf 85' lang='lat' dir='ltr'>procrastinem.</span> <span class='ocrx_word' id='word_1_712' title='bbox 1624 3762 1755 3811; x_wconf 81' lang='lat' dir='ltr'>Enimvero</span> <span class='ocrx_word' id='word_1_713' title='bbox 1763 3762 1820 3824; x_wconf 78' lang='lat' dir='ltr'>quid</span> <span class='ocrx_word' id='word_1_714' title='bbox 1829 3759 1876 3809; x_wconf 86' lang='lat' dir='ltr'>torti</span> 
     </span>
     <span class='ocr_line' id='line_1_93' title="bbox 1106 3849 1876 3913; baseline 0.004 -17"><span class='ocrx_word' id='word_1_715' title='bbox 1106 3868 1118 3891; x_wconf 89' lang='grc' dir='ltr'>ι</span> <span class='ocrx_word' id='word_1_716' title='bbox 1130 3854 1155 3897; x_wconf 89' lang='lat' dir='ltr'>et</span> <span class='ocrx_word' id='word_1_717' title='bbox 1162 3862 1276 3912; x_wconf 66' lang='lat' dir='ltr'>generoso</span> <span class='ocrx_word' id='word_1_718' title='bbox 1282 3849 1377 3900; x_wconf 85' lang='lat' dir='ltr'>evenire</span> <span class='ocrx_word' id='word_1_719' title='bbox 1384 3851 1458 3913; x_wconf 82' lang='lat' dir='ltr'>possit</span> <span class='ocrx_word' id='word_1_720' title='bbox 1465 3856 1515 3901; x_wconf 88' lang='lat' dir='ltr'>tam</span> <span class='ocrx_word' id='word_1_721' title='bbox 1522 3850 1737 3913; x_wconf 83' lang='lat' dir='ltr'>miserabilequom</span> <span class='ocrx_word' id='word_1_722' title='bbox 1744 3856 1774 3901; x_wconf 87' lang='lat' dir='ltr'>ut</span> <span class='ocrx_word' id='word_1_723' title='bbox 1780 3854 1876 3901; x_wconf 73' lang='lat' dir='ltr'>etium</span> 
     </span>
     <span class='ocr_line' id='line_1_94' title="bbox 1105 3939 1874 4006; baseline 0.007 -19"><span class='ocrx_word' id='word_1_724' title='bbox 1105 3959 1118 3983; x_wconf 82' lang='grc' dir='ltr'>ι</span> <span class='ocrx_word' id='word_1_725' title='bbox 1127 3939 1183 3989; x_wconf 91' lang='lat' dir='ltr'>vivo</span> <span class='ocrx_word' id='word_1_726' title='bbox 1190 3942 1274 3991; x_wconf 75' lang='grc' dir='ltr'>θείοιο</span> <span class='ocrx_word' id='word_1_727' title='bbox 1280 3942 1406 4004; x_wconf 86' lang='lat' dir='ltr'>occideret,</span> <span class='ocrx_word' id='word_1_728' title='bbox 1412 3943 1519 4005; x_wconf 75' lang='lat' dir='ltr'>mittique</span> <span class='ocrx_word' id='word_1_729' title='bbox 1526 3942 1620 3992; x_wconf 82' lang='lat' dir='ltr'>taudem</span> <span class='ocrx_word' id='word_1_730' title='bbox 1626 3942 1698 3992; x_wconf 80' lang='lat' dir='ltr'>istam</span> <span class='ocrx_word' id='word_1_731' title='bbox 1707 3945 1874 4006; x_wconf 63' lang='lat' dir='ltr'>praerioeoetin</span> 
     </span>
     <span class='ocr_line' id='line_1_95' title="bbox 1138 4036 1906 4110; baseline 0 -17"><span class='ocrx_word' id='word_1_732' title='bbox 1138 4050 1173 4095; x_wconf 72' lang='grc' dir='ltr'>ια</span> <span class='ocrx_word' id='word_1_733' title='bbox 1190 4036 1221 4094; x_wconf 79' lang='lat' dir='ltr'>nt</span> <span class='ocrx_word' id='word_1_734' title='bbox 1235 4045 1274 4094; x_wconf 89' lang='lat' dir='ltr'>itte</span> <span class='ocrx_word' id='word_1_735' title='bbox 1283 4046 1380 4108; x_wconf 81' lang='lat' dir='ltr'>quidem</span> <span class='ocrx_word' id='word_1_736' title='bbox 1391 4047 1429 4097; x_wconf 87' lang='lat' dir='ltr'>bis</span> <span class='ocrx_word' id='word_1_737' title='bbox 1443 4046 1515 4098; x_wconf 79' lang='lat' dir='ltr'>dictis</span> <span class='ocrx_word' id='word_1_738' title='bbox 1528 4048 1618 4110; x_wconf 85' lang='lat' dir='ltr'>impetu</span> <span class='ocrx_word' id='word_1_739' title='bbox 1634 4048 1709 4096; x_wconf 84' lang='lat' dir='ltr'>animi</span> <span class='ocrx_word' id='word_1_740' title='bbox 1717 4045 1874 4097; x_wconf 72' lang='lat' dir='ltr'>detererent</span> <span class='ocrx_word' id='word_1_741' title='bbox 1905 4072 1906 4083; x_wconf 68' lang='grc' dir='ltr'>ι</span> 
     </span>
     <span class='ocr_line' id='line_1_96' title="bbox 1105 4142 1906 4225; baseline -0.001 -34"><span class='ocrx_word' id='word_1_742' title='bbox 1105 4142 1198 4193; x_wconf 86' lang='lat' dir='ltr'>iaciuus</span> <span class='ocrx_word' id='word_1_743' title='bbox 1215 4144 1372 4207; x_wconf 85' lang='lat' dir='ltr'>patrandum,</span> <span class='ocrx_word' id='word_1_744' title='bbox 1388 4150 1413 4194; x_wconf 83' lang='lat' dir='ltr'>et</span> <span class='ocrx_word' id='word_1_745' title='bbox 1427 4144 1525 4208; x_wconf 82' lang='lat' dir='ltr'>reliquis</span> <span class='ocrx_word' id='word_1_746' title='bbox 1544 4144 1655 4194; x_wconf 82' lang='lat' dir='ltr'>iidvrciem</span> <span class='ocrx_word' id='word_1_747' title='bbox 1678 4146 1837 4207; x_wconf 74' lang='lat' dir='ltr'>ingeneravit,</span> <span class='ocrx_word' id='word_1_748' title='bbox 1849 4148 1876 4190; x_wconf 81' lang='grc' dir='ltr'>ια</span> <span class='ocrx_word' id='word_1_749' title='bbox 1905 4222 1906 4225; x_wconf 9' lang='grc' dir='ltr'>γ</span> 
     </span>
     <span class='ocr_line' id='line_1_97' title="bbox 1103 4238 1875 4304; baseline -0.001 -15"><span class='ocrx_word' id='word_1_750' title='bbox 1103 4253 1185 4290; x_wconf 84' lang='lat' dir='ltr'>omnes</span> <span class='ocrx_word' id='word_1_751' title='bbox 1196 4240 1248 4289; x_wconf 84' lang='lat' dir='ltr'>sine</span> <span class='ocrx_word' id='word_1_752' title='bbox 1262 4238 1375 4289; x_wconf 73' lang='lat' dir='ltr'>diutione</span> <span class='ocrx_word' id='word_1_753' title='bbox 1384 4254 1434 4290; x_wconf 83' lang='lat' dir='ltr'>rem</span> <span class='ocrx_word' id='word_1_754' title='bbox 1445 4240 1537 4303; x_wconf 71' lang='lat' dir='ltr'>aggredi</span> <span class='ocrx_word' id='word_1_755' title='bbox 1548 4244 1677 4304; x_wconf 79' lang='lat' dir='ltr'>cuperent3</span> <span class='ocrx_word' id='word_1_756' title='bbox 1685 4241 1815 4304; x_wconf 78' lang='lat' dir='ltr'>primaque</span> <span class='ocrx_word' id='word_1_757' title='bbox 1826 4242 1875 4289; x_wconf 86' lang='lat' dir='ltr'>tuoe</span> 
     </span>
     <span class='ocr_line' id='line_1_98' title="bbox 1103 4337 1874 4401; baseline 0 -14"><span class='ocrx_word' id='word_1_758' title='bbox 1103 4338 1133 4387; x_wconf 83' lang='lat' dir='ltr'>ud</span> <span class='ocrx_word' id='word_1_759' title='bbox 1142 4338 1256 4401; x_wconf 78' lang='lat' dir='ltr'>petatium</span> <span class='ocrx_word' id='word_1_760' title='bbox 1266 4338 1346 4387; x_wconf 84' lang='lat' dir='ltr'>oderat</span> <span class='ocrx_word' id='word_1_761' title='bbox 1355 4337 1434 4399; x_wconf 81' lang='lat' dir='ltr'>gindio</span> <span class='ocrx_word' id='word_1_762' title='bbox 1443 4337 1546 4401; x_wconf 80' lang='lat' dir='ltr'>equestri</span> <span class='ocrx_word' id='word_1_763' title='bbox 1557 4339 1703 4387; x_wconf 89' lang='lat' dir='ltr'>succinctus.</span> <span class='ocrx_word' id='word_1_764' title='bbox 1735 4341 1797 4388; x_wconf 80' lang='lat' dir='ltr'>iiam</span> <span class='ocrx_word' id='word_1_765' title='bbox 1808 4337 1874 4387; x_wconf 80' lang='lat' dir='ltr'>motis</span> 
     </span>
     <span class='ocr_line' id='line_1_99' title="bbox 1102 4433 1906 4520; baseline -0.005 -37"><span class='ocrx_word' id='word_1_766' title='bbox 1102 4440 1153 4484; x_wconf 87' lang='lat' dir='ltr'>erat</span> <span class='ocrx_word' id='word_1_767' title='bbox 1161 4434 1295 4484; x_wconf 87' lang='lat' dir='ltr'>tribunisut</span> <span class='ocrx_word' id='word_1_768' title='bbox 1303 4433 1402 4505; x_wconf 82' lang='lat' dir='ltr'>accincti</span> <span class='ocrx_word' id='word_1_769' title='bbox 1412 4437 1527 4483; x_wconf 82' lang='lat' dir='ltr'>tessevmu</span> <span class='ocrx_word' id='word_1_770' title='bbox 1535 4438 1642 4496; x_wconf 85' lang='lat' dir='ltr'>peterent</span> <span class='ocrx_word' id='word_1_771' title='bbox 1650 4433 1873 4495; x_wconf 63' lang='lat' dir='ltr'>abimperaimert</span> <span class='ocrx_word' id='word_1_772' title='bbox 1905 4507 1906 4520; x_wconf 30' lang='grc' dir='ltr'>γ</span> 
     </span>
     <span class='ocr_line' id='line_1_100' title="bbox 1102 4527 1906 4607; baseline -0.006 -27"><span class='ocrx_word' id='word_1_773' title='bbox 1102 4531 1197 4581; x_wconf 78' lang='lat' dir='ltr'>sortem</span> <span class='ocrx_word' id='word_1_774' title='bbox 1206 4530 1244 4579; x_wconf 89' lang='lat' dir='ltr'>die</span> <span class='ocrx_word' id='word_1_775' title='bbox 1253 4531 1317 4579; x_wconf 90' lang='lat' dir='ltr'>vices</span> <span class='ocrx_word' id='word_1_776' title='bbox 1325 4534 1439 4579; x_wconf 89' lang='lat' dir='ltr'>tesseram</span> <span class='ocrx_word' id='word_1_777' title='bbox 1448 4527 1614 4591; x_wconf 87' lang='lat' dir='ltr'>accipiendisd</span> <span class='ocrx_word' id='word_1_778' title='bbox 1623 4528 1703 4591; x_wconf 85' lang='lat' dir='ltr'>ipsum</span> <span class='ocrx_word' id='word_1_779' title='bbox 1712 4528 1838 4576; x_wconf 81' lang='lat' dir='ltr'>redierant.</span> <span class='ocrx_word' id='word_1_780' title='bbox 1847 4528 1873 4575; x_wconf 79' lang='lat' dir='ltr'>u</span> <span class='ocrx_word' id='word_1_781' title='bbox 1905 4598 1906 4607; x_wconf 25' lang='grc' dir='ltr'>γ</span> 
     </span>
    </p>
   </div>
   <div class='ocr_carea' id='block_1_12' title="bbox 1099 4630 1906 5319">
    <p class='ocr_par' dir='ltr' id='par_1_24' title="bbox 1099 4630 1906 5319">
     <span class='ocr_line' id='line_1_101' title="bbox 1099 4630 1906 4696; baseline -0.01 -13"><span class='ocrx_word' id='word_1_782' title='bbox 1099 4633 1149 4696; x_wconf 83' lang='lat' dir='ltr'>jem</span> <span class='ocrx_word' id='word_1_783' title='bbox 1160 4632 1294 4683; x_wconf 74' lang='lat' dir='ltr'>continebat</span> <span class='ocrx_word' id='word_1_784' title='bbox 1304 4630 1435 4682; x_wconf 85' lang='lat' dir='ltr'>multitudo</span> <span class='ocrx_word' id='word_1_785' title='bbox 1445 4630 1475 4679; x_wconf 87' lang='lat' dir='ltr'>ad</span> <span class='ocrx_word' id='word_1_786' title='bbox 1485 4631 1598 4693; x_wconf 88' lang='lat' dir='ltr'>paieiium</span> <span class='ocrx_word' id='word_1_787' title='bbox 1607 4643 1693 4691; x_wconf 76' lang='lat' dir='ltr'>mogum</span> <span class='ocrx_word' id='word_1_788' title='bbox 1703 4631 1821 4690; x_wconf 72' lang='lat' dir='ltr'>tumuitus,</span> <span class='ocrx_word' id='word_1_789' title='bbox 1832 4630 1872 4676; x_wconf 75' lang='lat' dir='ltr'>eiu</span> <span class='ocrx_word' id='word_1_790' title='bbox 1905 4658 1906 4687; x_wconf 58' lang='grc' dir='ltr'>γ</span> 
     </span>
     <span class='ocr_line' id='line_1_102' title="bbox 1100 4731 1906 4805; baseline -0.007 -20"><span class='ocrx_word' id='word_1_791' title='bbox 1100 4737 1175 4786; x_wconf 89' lang='lat' dir='ltr'>atium</span> <span class='ocrx_word' id='word_1_792' title='bbox 1185 4738 1318 4798; x_wconf 77' lang='lat' dir='ltr'>ongeoteet</span> <span class='ocrx_word' id='word_1_793' title='bbox 1329 4737 1465 4797; x_wconf 69' lang='lat' dir='ltr'>metuente,</span> <span class='ocrx_word' id='word_1_794' title='bbox 1476 4733 1534 4782; x_wconf 86' lang='lat' dir='ltr'>dnm</span> <span class='ocrx_word' id='word_1_795' title='bbox 1545 4733 1649 4797; x_wconf 76' lang='lat' dir='ltr'>quisque</span> <span class='ocrx_word' id='word_1_796' title='bbox 1665 4733 1745 4782; x_wconf 90' lang='lat' dir='ltr'>iocum</span> <span class='ocrx_word' id='word_1_797' title='bbox 1757 4731 1870 4797; x_wconf 72' lang='lat' dir='ltr'>speetnodi</span> <span class='ocrx_word' id='word_1_798' title='bbox 1905 4792 1906 4805; x_wconf 24' lang='grc' dir='ltr'>γ</span> 
     </span>
     <span class='ocr_line' id='line_1_103' title="bbox 1101 4836 1906 4903; baseline -0.009 -15"><span class='ocrx_word' id='word_1_799' title='bbox 1101 4839 1226 4903; x_wconf 74' lang='lat' dir='ltr'>preripere</span> <span class='ocrx_word' id='word_1_800' title='bbox 1240 4838 1332 4898; x_wconf 84' lang='lat' dir='ltr'>nititur,</span> <span class='ocrx_word' id='word_1_801' title='bbox 1352 4850 1439 4899; x_wconf 74' lang='lat' dir='ltr'>magna</span> <span class='ocrx_word' id='word_1_802' title='bbox 1450 4837 1572 4897; x_wconf 90' lang='lat' dir='ltr'>voiuptaie</span> <span class='ocrx_word' id='word_1_803' title='bbox 1583 4836 1645 4884; x_wconf 79' lang='lat' dir='ltr'>itanc</span> <span class='ocrx_word' id='word_1_804' title='bbox 1654 4836 1735 4897; x_wconf 88' lang='lat' dir='ltr'>popuii</span> <span class='ocrx_word' id='word_1_805' title='bbox 1746 4836 1869 4884; x_wconf 71' lang='lat' dir='ltr'>metudio·</span> <span class='ocrx_word' id='word_1_806' title='bbox 1905 4856 1906 4863; x_wconf 41' lang='grc' dir='ltr'>ι</span> 
     </span>
     <span class='ocr_line' id='line_1_104' title="bbox 1101 4939 1868 5004; baseline -0.01 -12"><span class='ocrx_word' id='word_1_807' title='bbox 1101 4955 1155 4993; x_wconf 89' lang='lat' dir='ltr'>nem</span> <span class='ocrx_word' id='word_1_808' title='bbox 1167 4945 1287 5004; x_wconf 88' lang='lat' dir='ltr'>spectante</span> <span class='ocrx_word' id='word_1_809' title='bbox 1296 4940 1368 5001; x_wconf 84' lang='lat' dir='ltr'>caio,</span> <span class='ocrx_word' id='word_1_810' title='bbox 1379 4939 1445 5002; x_wconf 83' lang='lat' dir='ltr'>quod</span> <span class='ocrx_word' id='word_1_811' title='bbox 1454 4952 1499 4989; x_wconf 88' lang='lat' dir='ltr'>uec</span> <span class='ocrx_word' id='word_1_812' title='bbox 1506 4939 1657 4989; x_wconf 76' lang='lat' dir='ltr'>secutoribus</span> <span class='ocrx_word' id='word_1_813' title='bbox 1667 4939 1788 5000; x_wconf 69' lang='grc' dir='ltr'>αοείςσαιε</span> <span class='ocrx_word' id='word_1_814' title='bbox 1797 4940 1868 4986; x_wconf 65' lang='lat' dir='ltr'>esent</span> 
     </span>
     <span class='ocr_line' id='line_1_105' title="bbox 1101 5042 1906 5147; baseline -0.014 -51"><span class='ocrx_word' id='word_1_815' title='bbox 1101 5047 1163 5107; x_wconf 86' lang='lat' dir='ltr'>ioco,</span> <span class='ocrx_word' id='word_1_816' title='bbox 1172 5059 1215 5096; x_wconf 89' lang='lat' dir='ltr'>noc</span> <span class='ocrx_word' id='word_1_817' title='bbox 1223 5044 1362 5111; x_wconf 72' lang='lat' dir='ltr'>Eqrtitibus,</span> <span class='ocrx_word' id='word_1_818' title='bbox 1371 5042 1413 5093; x_wconf 84' lang='lat' dir='ltr'>sed</span> <span class='ocrx_word' id='word_1_819' title='bbox 1422 5044 1555 5105; x_wconf 87' lang='lat' dir='ltr'>promiscue</span> <span class='ocrx_word' id='word_1_820' title='bbox 1565 5042 1688 5101; x_wconf 86' lang='lat' dir='ltr'>sederent,</span> <span class='ocrx_word' id='word_1_821' title='bbox 1700 5042 1745 5090; x_wconf 84' lang='lat' dir='ltr'>viri</span> <span class='ocrx_word' id='word_1_822' title='bbox 1755 5055 1812 5089; x_wconf 85' lang='lat' dir='ltr'>cum</span> <span class='ocrx_word' id='word_1_823' title='bbox 1823 5053 1867 5088; x_wconf 73' lang='lat' dir='ltr'>mv</span> <span class='ocrx_word' id='word_1_824' title='bbox 1904 5084 1906 5147; x_wconf 55' lang='grc' dir='ltr'>γ</span> 
     </span>
     <span class='ocr_line' id='line_1_106' title="bbox 1100 5142 1866 5215; baseline -0.016 -15"><span class='ocrx_word' id='word_1_825' title='bbox 1100 5150 1211 5209; x_wconf 76' lang='lat' dir='ltr'>lienibus,</span> <span class='ocrx_word' id='word_1_826' title='bbox 1221 5154 1246 5198; x_wconf 89' lang='lat' dir='ltr'>et</span> <span class='ocrx_word' id='word_1_827' title='bbox 1256 5147 1320 5215; x_wconf 76' lang='lat' dir='ltr'>servi</span> <span class='ocrx_word' id='word_1_828' title='bbox 1331 5145 1486 5197; x_wconf 85' lang='lat' dir='ltr'>coninsicum</span> <span class='ocrx_word' id='word_1_829' title='bbox 1498 5144 1614 5208; x_wconf 66' lang='lat' dir='ltr'>ingenuis.</span> <span class='ocrx_word' id='word_1_830' title='bbox 1647 5144 1723 5194; x_wconf 87' lang='lat' dir='ltr'>caina</span> <span class='ocrx_word' id='word_1_831' title='bbox 1732 5149 1825 5200; x_wconf 72' lang='grc' dir='ltr'>εοεαε,</span> <span class='ocrx_word' id='word_1_832' title='bbox 1834 5142 1866 5187; x_wconf 74' lang='grc' dir='ltr'>τα</span> 
     </span>
     <span class='ocr_line' id='line_1_107' title="bbox 1099 5247 1865 5319; baseline -0.017 -12"><span class='ocrx_word' id='word_1_833' title='bbox 1099 5247 1865 5319; x_wconf 70' lang='grc' dir='ltr'>εἰμείείιοίαειιουοίεε,εεωδίν1οαοιἰεόεθειααςνιιο,αι]νι</span> 
     </span>
    </p>
   </div>
   <div class='ocr_carea' id='block_1_13' title="bbox 0 0 1934 6084">
    <p class='ocr_par' dir='ltr' id='par_1_25' title="bbox 0 0 1934 6084">
     <span class='ocr_line' id='line_1_108' title="bbox 0 0 1934 6084; baseline 0 6"><span class='ocrx_word' id='word_1_834' title='bbox 0 0 1934 6084; x_wconf 95' lang='lat' dir='ltr'> </span> 
     </span>
    </p>
   </div>
  </div>
 </body>
</html>
