3859 6084
266 557 321 610 tit
364 547 483 626 (erupis)

733 546 1013 606 arxaiouoriiz
1034 545 1130 604 Blssli.
1154 546 1191 604 ii.
1213 545 1304 604 lilim
1330 545 1377 604 in.

1721 548 1845 626 [usqua]
1895 514 1896 527 ί

264 668 301 736 ὧν
314 676 439 758 πάρεστιν
456 675 654 756 ἀποκρίνασθαι.
697 673 837 754 Παρούοης
850 673 878 734 δέ
890 679 937 747 τῆς
949 698 1038 755 γυναι·
1058 681 1180 732 lliuirere
1192 687 1413 745 nutem,iaoqusm
1426 684 1547 746 peregrios
1558 689 1582 733 et
1598 684 1743 746 prirats,ud
1755 685 1851 734 domum
1896 670 1897 731 ί

264 766 308 831 κὸς
322 767 357 830 είς
376 762 424 836 τήν
440 763 522 821 οἰκίαν
542 767 576 831 ὡς
596 761 721 828 ἰδιώτιδος
739 763 784 822 καὶ
804 761 875 835 ξένης
890 763 1038 833 ἀνεῦόησεν·

265 850 402 923 εείσελθε,
420 839 442 908 ιθ
456 848 531 928 γύναι
552 847 736 929 Ἱερούοάμου,
749 848 775 908 τί
789 849 909 931 κρύπτεις
925 848 1038 920 σαυτήνς

266 965 278 990 ι
292 938 338 996 τὸν
350 935 401 1017 γάρ
414 935 482 997 Θεὸν
494 939 522 995 ού
532 936 678 1012 λανθάνεις,
693 936 719 1002 t<
731 937 885 1018 ἀφιξομένην
895 937 924 995 τί
934 959 978 1013 μοι
988 958 1039 1016 φα·

236 1042 251 1080 ε
266 1051 278 1077 ι
293 1024 342 1090 νείς
356 1023 471 1094 ἐδήλωσε
483 1023 528 1081 καὶ
537 1023 681 1102 προσέταξε
691 1022 762 1092 τίνας
773 1024 917 1099 ποιήσομαι
930 1023 988 1090 τούς
1000 1022 1039 1081 λό

265 1134 351 1190 εγους
365 1137 387 1169 ι.
431 1109 604 1169 Ἆπελθοῦσαν
624 1101 668 1168 οθν
685 1111 748 1190 πρὸς
767 1111 811 1169 τὸν
831 1110 913 1190 ἀνδρα
932 1109 1039 1188 ἔφραζεν

264 1200 335 1278 αύτῷ
352 1201 435 1255 ταῦτα
461 1195 554 1275 λέγειν·
578 1227 590 1250 ι
611 1197 667 1256 ἐπεὶ
684 1195 712 1256 σέ
731 1196 814 1276 μέγαν
834 1199 863 1256 ἐκ
881 1203 974 1276 μικροῦ
995 1195 1039 1255 καί

265 1313 277 1339 ι
293 1281 374 1362 μηδὲν
393 1283 464 1350 ὄντος
482 1282 590 1355 ἐποίησα
608 1285 653 1342 καί
672 1285 817 1363 ἀποσχίσας
836 1283 884 1356 τήν
904 1283 1039 1364 βασιλείαν

265 1372 344 1428 «ἀπὸ
362 1375 406 1428 τοῦ
427 1366 539 1430 Δαυίδου
557 1369 646 1448 γίνους
664 1371 705 1429 σοὶ
724 1371 820 1442 ταύτην
841 1371 942 1447 ἔδωκα,
964 1368 1039 1428 otti

227 1474 252 1513 iu
264 1483 276 1510 ι
289 1456 385 1516 τούτων
406 1455 593 1534 ἠμνημόνησας
614 1457 659 1516 καί
680 1460 727 1528 τήν
750 1458 815 1535 ἐμήν
834 1457 972 1538 θρησκείαν
990 1481 1039 1516 κα-

264 1572 277 1596 «
291 1541 408 1603 colendos
436 1544 579 1623 χωνευτοὺς
608 1543 678 1611 θεούς
706 1547 903 1613 κατασκευάσας
928 1544 1039 1612 ἐκείνους

265 1658 276 1684 ι
291 1633 429 1709 ἐτίμησας,
450 1631 518 1690 ούτω
538 1655 567 1690 τε
588 1632 666 1690 πάλιν
684 1632 835 1712 καθαιρήσω
855 1634 899 1692 καὶ
913 1642 966 1691 πᾶν
984 1632 1038 1699 ἐξο-

267 1745 280 1770 a
294 1717 425 1800 λοθρεύσω
448 1742 493 1777 σου
510 1719 539 1777 τό
561 1719 631 1797 γένος
649 1720 694 1778 καί
718 1720 778 1778 κυσί
791 1720 837 1779 καί
856 1719 937 1802 ὄρνισι
959 1719 1037 1801 βοράν

268 1806 396 1877 ιποιήσω
419 1803 549 1884 γενέσθαι.
599 1805 725 1873 Βασιλεύς
751 1805 802 1886 γάρ
825 1805 978 1888 ἐξεγείρεταί
1001 1831 1039 1872 τις

227 1913 277 1951 ts«
293 1897 338 1952 ὑπ’
358 1896 424 1972 ἐμοῦ
444 1899 489 1952 τοῦ
507 1895 572 1952 λαοῦ
588 1893 697 1967 παντὸς,
712 1893 738 1962 θς
754 1893 825 1953 οθδέν
844 1893 978 1974 ἀπολείψει
993 1899 1038 1951 τοῦ

183 2001 192 2018 ¹
265 2005 277 2031 ε
293 1978 463 2058 Ἱερούοάμου
477 1979 575 2057 γένους.
623 1979 734 2048 Μεθέξει
748 1981 775 2039 δέ
792 1985 838 2052 τῆς
851 1981 979 2060 τιμωρίας
994 1979 1038 2039 καί

265 2093 277 2118 ε
291 2065 321 2124 τδ
333 2067 428 2138 πλῆθος
439 2067 547 2126 ἐκπεσὸν
558 2071 603 2138 τῆς
616 2073 714 2146 ἀγαθῆς
725 2073 772 2146 γῆς
787 2069 832 2127 καὶ
849 2065 989 2148 διασπαρὲν
1004 2072 1039 2134 εἰς

264 2181 276 2204 ι
288 2153 347 2219 τοὺς
358 2151 439 2234 πίραν
454 2154 591 2235 Εὐφράτου
604 2155 711 2227 τόπους,
723 2156 762 2214 ότι
772 2161 825 2222 τοῖς
838 2153 964 2234 βασιλέως
978 2158 1037 2213 ἀσε·

264 2266 277 2294 ι
290 2238 392 2318 θήμασι
402 2241 612 2313 κατηκολούθησεΙ
619 2242 665 2301 καί
676 2241 735 2310 τούς
745 2246 788 2301 ὑπ’
801 2246 878 2302 αὐτοῦ
890 2242 1039 2320 γενομένους

225 2349 251 2387 αι
266 2353 278 2380 ι
289 2337 428 2406 προσκυνεῖ
437 2329 523 2405 θεούς,
535 2327 583 2400 τήν
595 2328 662 2406 ἐμήν
673 2329 762 2388 θυσίαν
774 2329 956 2407 ἐγκαταλιπόν.
998 2329 1037 2389 Σύ

265 2439 277 2466 ε
290 2412 331 2486 δέ,
344 2404 366 2474 dr
383 2414 476 2494 γύναι,
492 2421 574 2474 ταῦτα
588 2417 790 2496 ἀπαγγελλουσα
809 2418 904 2475 σπεῦδε
917 2416 981 2498 πρὸς
994 2417 1037 2475 τὸν

264 2528 276 2553 ι
291 2499 381 2583 ἄνδρα.
422 2502 476 2562 Τὸν
490 2501 517 2561 δί
534 2502 588 2562 υἱὸν
606 2503 746 2582 καταλήψῃ
762 2504 912 2574 τεθνηκότα·
930 2509 976 2561 σοῦ
987 2503 1038 2584 γὰρ

265 2614 278 2642 ι
292 2589 421 2660 εἰσιούσης
434 2593 469 2657 είς
480 2590 527 2662 τήν
540 2591 615 2648 πόλιν
632 2591 768 2670 ἀπολείψει
782 2591 812 2649 τὸ
831 2595 876 2662 ζῆν
891 2590 976 2650 αὐτόν·
994 2613 1039 2648 τα·

265 2703 277 2728 ε
289 2675 400 2756 φήσεται
414 2677 441 2736 δέ
454 2676 590 2744 κλαυσθελς
604 2677 654 2736 ori
664 2684 710 2737 τοῦ
720 2678 832 2749 πλήθους
841 2678 950 2754 παντὸς,
960 2681 1038 2758 κοινῷ

223 2782 249 2824 ts
264 2763 403 2838 ιτιμηθεὶς
429 2763 527 2824 πένθει·
554 2768 599 2824 καί
623 2764 673 2844 γὰρ
690 2764 765 2841 μόνος
782 2767 833 2822 τῶν
853 2767 882 2823 ἐκ
899 2769 944 2822 τοῦ
963 2763 1038 2843 Ἱερο-

264 2877 276 2900 s
293 2849 392 2927 ύοάμου
402 2849 490 2928 γένους
498 2852 592 2930 ἀγαθὸς
601 2843 673 2919 οὗτος
684 2843 725 2923 ἦν.
738 2881 749 2904 ι
783 2854 876 2911 Ταῦτα
887 2852 964 2909 αὐτοῦ
975 2873 1036 2930 προ·

263 2936 449 3017 φητεύσαντος,
460 2938 632 3012 ἐκπηδήσασα
645 2943 662 3010 ἡ
676 2937 740 3015 γυνή
752 2935 932 3017 τεταραγμένη
945 2937 1037 3017 καὶτῷ

264 3027 308 3080 τοῦ
325 3024 511 3103 προειρημένου
522 3025 613 3091 παιδὸς
627 3025 729 3104 θανάτῳ
742 3025 897 3104 περιαλγής,
909 3028 1037 3104 θρηνοῦσα

263 3108 306 3167 διδ
322 3113 369 3180 τῆς
382 3111 440 3169 θδοῦ
451 3111 496 3170 καὶ
505 3110 551 3181 τήν
563 3111 708 3188 μέλλουσαν
722 3117 766 3170 τοῦ
783 3110 873 3170 τέκνου
890 3111 1037 3188 κοπτομένη

223 3217 250 3256 ’σο
263 3197 392 3268 τελευτήν,
401 3197 478 3256 ἀθλία
487 3204 531 3256 τοῦ
540 3199 638 3264 πάθους
650 3198 770 3274 ἠπείγετο
780 3207 868 3264 κακοῖς
879 3199 1038 3276 ἀμηχάνοις,

262 3282 308 3342 καί
321 3285 421 3364 σπουδῇ
436 3283 482 3361 μέν
497 3289 588 3364 ἀτυχεῖ
599 3284 722 3366 χρωμένη
735 3285 777 3344 διά
791 3283 834 3343 τόν
851 3275 914 3356 υἱὸν,
935 3283 1038 3360 (ἔμελλε

261 3369 312 3451 γάρ
323 3372 401 3430 αὐτὸν
412 3373 559 3451 ἐπειχθεῖσα
570 3378 661 3430 θᾶττον
670 3372 778 3453 ὄψεσθαι
790 3371 898 3450 νεκρόν,)
909 3373 1038 3452 ἀναγκαία

262 3455 290 3516 δέ
304 3457 345 3516 διδ
360 3459 404 3518 τὸν
419 3458 508 3540 ἄνδρα.
558 3459 612 3519 Καὶ
628 3459 827 3538 παραγενομένη
841 3459 884 3516 τδν
898 3457 945 3536 μὲν
964 3462 1039 3516 ἐκπε-

263 3544 498 3616 πνευκότα,καθὼς
509 3536 579 3603 εἶπεν
588 3549 601 3602 θ
609 3545 756 3628 προφήτης,
768 3539 845 3626 ηύρε,
853 3551 890 3627 τῷ
900 3544 926 3603 δέ
937 3548 1040 3624 βασιλεῖ

221 3650 248 3692 σε
263 3630 349 3688 πάντα
364 3631 536 3708 ἀπήγγελλεν.

302 3718 364 3794 (E'.)
381 3718 414 3796 β’.
437 3717 472 3777 ‘le
489 3718 602 3796 ούόαμος
616 3718 643 3778 il
657 3719 755 3787 οὐδενός
768 3718 864 3777 τούτοιν
885 3718 1037 3799 φροντίσας,

260 3804 360 3874 πολλὴν
379 3804 499 3884 ἀθροίσας
521 3806 644 3886 στρατιὰν
665 3806 709 3864 ἐπὶ
722 3806 765 3865 τὸν
780 3805 928 3884 Ῥοὸοάμου
941 3807 1038 3879 παῖδα,

259 3895 312 3948 τῶν
324 3891 369 3950 δύο
382 3897 469 3972 φυλῶν
478 3891 525 3964 τήν
537 3893 670 3972 βασιλείαν
681 3899 725 3952 τοῦ
738 3893 835 3974 πατρὸς
847 3893 1037 3970 διαδεξάμενον,

262 3975 349 4036 ’ildico
368 3978 550 4058 ἐξεστράτευσε
571 3980 736 4057 πολεμήσειν·
758 3979 908 4061 κατεφρόνει
926 3979 978 4060 γάρ
995 3983 1038 4038 αύ-

1081 775 1133 836 ejus
1152 776 1291 837 accedente,
1311 756 1466 838 esclumarit,
1484 796 1498 822 ι
1516 777 1679 840 iopmdere,o
1696 793 1758 828 uxor
1774 780 1850 828 lilero·

1084 886 1096 912 ι
1109 867 1202 929 boemi,
1215 882 1259 918 cur
1276 875 1300 919 te
1315 871 1391 932 ipsum
1402 869 1553 920 dissimulas?
1562 884 1616 919 nam
1629 873 1705 921 θευιιι
1724 871 1797 921 latere
1808 886 1851 920 non

1084 991 1096 1014 s
1107 978 1187 1036 putes,
1199 973 1240 1036 qul
1247 979 1272 1024 et
1281 987 1320 1023 me
1327 987 1369 1036 per
1378 975 1493 1023 visionem
1499 974 1529 1023 de
1536 975 1641 1024 adventu
1651 980 1693 1025 tuo
1702 976 1854 1038 premonuit,

1084 1085 1097 1108 ι
1108 1069 1266 1130 prmoepitque
1274 1066 1392 1129 quibuste
1403 1067 1482 1117 rubis
1494 1069 1588 1118 ollares
1601 1089 1613 1112 ι
1625 1069 1726 1124 Quando
1735 1069 1815 1131 itaque
1825 1069 1854 1118 ad

1082 1161 1294 1212 mariturnrerersa
1303 1165 1373 1220 esset,
1381 1161 1452 1222 jussit
1460 1167 1487 1210 ut
1496 1162 1575 1210 limosi
1587 1161 1750 1212 renunciaret:
1762 1183 1775 1206 ι
1784 1177 1855 1226 quau·
1898 1194 1899 1205 ι

1083 1273 1096 1297 a
1107 1253 1235 1315 doquidem
1246 1267 1289 1316 ego
1297 1261 1539 1318 temaguumopurro
1547 1259 1572 1304 et
1578 1255 1646 1306 nihili
1656 1257 1752 1306 homine
1759 1257 1812 1316 teci,
1819 1259 1856 1306 alo

1085 1366 1099 1390 a
1112 1349 1233 1410 scissaque
1241 1350 1364 1399 Daridicee
1370 1349 1452 1400 domui
1461 1364 1531 1412 regno
1539 1351 1698 1413 tedomri,iu
1708 1355 1855 1403 veretrorum

1084 1442 1243 1502 «immemor,
1257 1455 1359 1504 meoque
1370 1443 1436 1492 cuitu
1453 1447 1508 1506 pust
1520 1448 1613 1506 tuarum
1626 1445 1728 1506 rejecto,
1744 1460 1775 1496 eo
1790 1447 1855 1497 dere·

1084 1553 1096 1575 ν
1108 1534 1170 1582 neris
1182 1540 1209 1583 ut
1219 1533 1277 1583 deos
1286 1547 1321 1583 ex
1329 1535 1540 1585 ouroouuilureris
1548 1549 1638 1599 eosque
1646 1538 1765 1600 uolueris,
1774 1540 1807 1588 ita
1816 1553 1857 1601 ego

1083 1648 1096 1671 s
1108 1634 1132 1678 te
1141 1641 1235 1677 rursum
1246 1641 1260 1677 e
1271 1629 1351 1678 medio
1360 1629 1456 1690 tollam,
1468 1633 1573 1680 etomue
1585 1633 1736 1693 genestuum
1746 1633 1777 1681 ad
1789 1635 1856 1682 irrter·

1083 1721 1231 1770 «necionem
1242 1721 1353 1784 persiam,
1363 1723 1498 1785 teclamque
1507 1727 1559 1774 uta
1574 1725 1672 1774 mnibus
1682 1737 1710 1774 εο
1720 1726 1856 1775 volucribus

1083 1832 1096 1856 ι
1105 1812 1241 1862 devoretur.
1274 1813 1376 1870 Quidam
1393 1813 1457 1863 euim
1468 1827 1483 1862 ε
1494 1827 1533 1863 me
1542 1815 1566 1863 in
1578 1815 1698 1865 israelitas
1707 1829 1752 1865 rea
1763 1817 1857 1866 suscita

1083 1930 1096 1953 a
1110 1911 1182 1974 bitur,
1199 1913 1241 1974 qui
1252 1913 1371 1963 neminem
1385 1927 1415 1961 ea
1434 1913 1583 1963 llieroboarui
1600 1927 1684 1976 genere
1701 1914 1855 1977 superstitem

1083 2005 1285 2056 aestrelicturus.
1309 2007 1732 2070 Quiaetpopuiusuujuscesuppiieii
1740 2009 1857 2071 particeps

1082 2100 1167 2160 «erit,
1184 2101 1277 2149 excidet
1296 2101 1385 2163 quippe
1403 2101 1472 2150 iclice
1492 2106 1567 2163 terra,
1586 2115 1729 2164 sparsusque
1749 2118 1792 2166 per
1809 2104 1857 2152 ioca

1083 2215 1095 2240 ι
1107 2199 1348 2261 Trsuseuplurateusia
1355 2199 1481 2261 exsulabit,
1490 2201 1554 2262 quod
1565 2201 1692 2263 impietatis
1699 2202 1763 2264 regis
1769 2205 1858 2252 socium

1083 2308 1096 2331 ι
1108 2302 1135 2338 se
1146 2289 1244 2350 iecerit,
1254 2291 1359 2353 deosque
1370 2291 1401 2339 ab
1410 2291 1451 2341 illo
1458 2293 1532 2341 tuctus
1542 2293 1659 2354 udorurit,
1670 2295 1746 2344 sacris
1758 2297 1818 2345 meis
1827 2311 1857 2344 re

1082 2409 1095 2432 ι
1108 2389 1179 2438 lictis.
1223 2393 1259 2439 'lu
1276 2403 1346 2449 vero,
1363 2403 1379 2438 ο
1396 2391 1490 2451 mulier,
1503 2390 1510 2436 i
1523 2404 1622 2453 propere
1634 2393 1663 2442 nd
1676 2394 1792 2444 maritum
1811 2396 1858 2444 oue

1083 2506 1095 2528 ι
1107 2485 1140 2534 illl
1160 2485 1320 2535 euuuciuturu.
1363 2488 1476 2534 ceterum
1495 2487 1569 2535 silium
1589 2488 1694 2538 iuvenies
1714 2496 1855 2540 mortuum:

1083 2601 1095 2623 ι
1105 2593 1159 2628 nuru
1171 2579 1271 2629 siuroiac
1289 2580 1373 2643 [εειίειιι
1387 2581 1411 2630 iu
1427 2581 1510 2628 urireru
1525 2581 1667 2646 immiseris,
1679 2583 1720 2634 illc
1730 2587 1856 2646 morietur,

1083 2693 1095 2716 ι
1107 2677 1179 2737 utque
1191 2675 1222 2723 ub
1234 2677 1345 2726 universo
1360 2677 1497 2742 deploratus
1514 2680 1601 2744 populo
1614 2679 1751 2742 sepelietur,
1763 2681 1857 2743 publico

1083 2790 1095 2813 s
1108 2772 1179 2820 lucter
1191 2773 1360 2824 cohonestatus
1382 2797 1388 2826 ι
1412 2778 1450 2827 irio
1473 2779 1560 2828 etenim
1585 2779 1670 2826 unicus
1682 2783 1734 2826 erat
1752 2791 1768 2828 c
1786 2780 1858 2842 stirpe

1083 2886 1095 2909 ε
1108 2869 1257 2918 ilierobumui
1272 2871 1295 2918 iu
1309 2886 1357 2932 quo
1372 2873 1428 2922 boui
1437 2874 1568 2936 quidquam
1580 2877 1704 2923 inventum
1720 2877 1769 2923 est.
1786 2894 1798 2917 ε
1814 2875 1858 2924 Ubi

1081 2970 1134 3018 iia-,c
1150 2971 1190 3018 iile
1209 2971 1349 3020 vaticinatus
1366 2971 1454 3032 iuerat,
1473 2953 1558 3021 uruiier
1574 2971 1724 3034 pertumaia,
1742 2972 1857 3034 puerique

1082 3065 1203 3126 jamdicti
1217 3071 1319 3114 mortem
1333 3080 1395 3128 mgro
1408 3066 1486 3116 tereus
1497 3080 1522 3116 se
1535 3066 1662 3128 proripuit,
1677 3065 1742 3114 riam
1757 3067 1825 3115 luctu
1835 3068 1859 3114 et

1084 3162 1194 3224 plangore
1202 3164 1332 3225 complens,
1341 3177 1369 3212 oc
1377 3163 1463 3211 misera
1471 3162 1539 3211 malis
1548 3176 1579 3212 ex
1584 3157 1718 3211 calamitate
1731 3162 1858 3223 urgebatur

1081 3257 1284 3316 ineluctabilibus,
1305 3257 1454 3306 festinatione
1476 3262 1547 3308 uteus
1566 3257 1598 3306 ob
1616 3256 1690 3306 filium
1707 3257 1806 3319 quidem
1828 3257 1858 3304 iu

1082 3353 1152 3412 ieiiei,
1166 3357 1230 3414 (uum
1241 3369 1290 3416 quo
1301 3355 1376 3416 ιιεηςίε
1391 3362 1538 3417 properaret,
1553 3368 1582 3405 eo
1592 3355 1671 3417 ipsum
1681 3355 1754 3404 cilius
1771 3355 1858 3405 exstin-

1081 3449 1147 3492 ctum
1158 3444 1237 3492 uisura
1246 3445 1316 3506 erse)
1328 3445 1378 3494 siro
1389 3452 1468 3493 tanuen
1477 3445 1616 3495 necessaris
1628 3450 1706 3508 Atque
1715 3447 1749 3495 ita
1759 3447 1858 3496 domum

1082 3549 1178 3585 reverse
1187 3535 1261 3584 lilium
1279 3537 1389 3599 quidem,
1400 3544 1470 3600 prout
1485 3541 1552 3586 rates
1562 3538 1666 3598 dierat,
1678 3539 1815 3600 mimulam
1826 3539 1857 3588 ei·

1082 3632 1137 3680 tiata
1148 3633 1268 3681 ιιιοτθυιιιιι
1277 3633 1392 3694 olleudit,
1401 3633 1450 3694 regi
1461 3636 1540 3681 autem
1549 3636 1636 3681 cuncta
1646 3635 1777 3683 enarravit.

1112 3721 1163 3781 (V.)
1177 3727 1199 3768 2.
1213 3720 1422 3768 atilleroboumus
1432 3719 1857 3782 uilrlllrmceuraus,magnumeolie-

1080 3817 1146 3859 cium
1157 3811 1287 3860 exereitum
1301 3812 1324 3860 iu
1336 3810 1508 3874 expeditionem
1520 3811 1612 3870 eduxit,
1621 3817 1648 3859 ui
1659 3811 1721 3861 bello
1732 3826 1856 3874 perseque-

1082 3901 1443 3963 returabiamllobuuruisillum,
1450 3903 1491 3963 qui
1500 3901 1559 3965 putri
1568 3901 1696 3964 lureguum
1703 3901 1808 3952 duarum
1818 3903 1856 3953 iri·

1082 3993 1155 4042 buum
1165 3999 1326 4042 successerat:
1337 4007 1392 4042 euru
1408 3995 1488 4053 euim,
1504 3994 1568 4056 quod
1585 3999 1648 4043 esset
1666 3994 1857 4045 adulescentulus

220 4085 247 4124 εο
262 4070 307 4123 τοῦ
322 4063 365 4124 διά
377 4065 424 4136 τὴν
442 4066 558 4136 ἡλικίαν.
607 4066 640 4127 ‘0
656 4068 678 4125 δ’
694 4067 806 4133 ἀκούσας
823 4066 870 4138 τὴν
884 4067 975 4147 ἔφοδον
989 4067 1035 4138 τήν
1079 4085 1370 4150 εδιιιοιίιιιιε,οοιι1οιιιμείῑ.
1378 4089 1492 4150 illusere,
1499 4088 1690 4139 auditoadreulu
1697 4091 1856 4150 ilierobuami,

262 4153 444 4233 Ἱερούοάμου,
460 4153 524 4235 πρὸς
535 4153 617 4226 αὐτὴν
632 4157 661 4212 ού
676 4155 844 4232 κατεπλάγη,
858 4155 993 4231 γενόμενος
1012 4157 1035 4212 δ’

261 4241 350 4300 ἐπάνω
361 4241 406 4300 καί
420 4246 466 4310 τῆς
480 4241 597 4310 νεότητος
607 4244 644 4321 τῷ
659 4241 805 4322 φρονήματι
817 4241 862 4299 καί
876 4246 921 4311 τῆς
936 4242 1037 4308 ἐλπίδος

260 4331 304 4386 τοῦ
315 4328 450 4404 πολεμίου,
461 4327 584 4409 στρατιὰν
594 4327 775 4404 ἐπιλεξάμενος
787 4330 816 4386 ἐκ
827 4333 878 4386 τῶν
893 4327 938 4386 δύο
949 4330 1036 4409 φυλῶν

261 4415 396 4488 ἀπήντησε
415 4419 454 4496 τῷ
473 4415 635 4498 Ἱεροθοοίμῳ
654 4419 688 4483 είς
708 4415 785 4474 τόπον
801 4415 860 4473 τινδι
877 4415 1035 4490 καλούμενον

222 4523 247 4561 ts
259 4499 316 4582 ὄρος
324 4503 463 4582 Σεμαριύν.
507 4503 558 4564 Καί
571 4502 857 4582 στρατοπεδευσάμενος
871 4502 946 4580 ἐγγύς
956 4505 1036 4561 αύτου

259 4588 293 4647 τὰ
307 4589 369 4668 πρὸς
381 4589 428 4660 τήν
440 4590 530 4670 μάχην
540 4589 702 4670 ηύτρέπιζεν.
733 4579 786 4652 Ἦν
801 4591 851 4660 δή
867 4589 974 4666 δύναμις
989 4593 1035 4647 αύ-
1055 4601 1059 4688 Ι

259 4681 304 4734 τοῦ
312 4677 433 4755 μυριάδες
439 4679 672 4758 τισσαράκοντα,ή
683 4675 711 4736 δέ
721 4683 767 4737 τοῦ
775 4675 944 4758 Ἱεροὸοάμου
954 4701 1035 4757 στρα·

259 4763 303 4822 'rid
314 4765 455 4825 διπλασίων
471 4767 577 4840 ἐκείνης’
618 4767 667 4835 Ὦς
684 4767 711 4826 δέ
725 4765 759 4826 τά
772 4765 956 4847 στρατεύματα
971 4789 1035 4846 προς

259 4849 292 4908 sd
305 4850 367 4930 ἔργα
381 4852 425 4912 καὶ
441 4853 499 4920 τούς
513 4854 642 4922 κινδύνους
653 4855 893 4934 ἀντιπαρετάσσετο
904 4853 949 4911 καὶ
963 4877 1034 4930 συμ-

1080 4176 1262 4240 lraudquaquaur
1272 4182 1410 4242 perterritus
1419 4185 1468 4241 esi,
1479 4181 1520 4230 sed
1530 4183 1608 4230 aniruo
1616 4195 1687 4243 sopri
1692 4182 1791 4244 juvenis
1802 4189 1856 4232 ura·

1081 4273 1128 4318 leur
1133 4276 1230 4332 etsupra
1235 4283 1306 4331 quum
1312 4271 1387 4320 trustis
1397 4277 1540 4335 sperauerat,
1547 4272 1587 4322 uiri
1596 4273 1727 4322 exereitum
1737 4274 1855 4322 eduabus

1080 4368 1188 4418 oibubds
1199 4370 1334 4432 eollegerat,
1342 4369 1499 4419 llieroboaruu
1505 4369 1748 4432 occurritinquodaua
1756 4371 1856 4433 ioooqui

1079 4477 1148 4514 moos
1156 4471 1269 4515 semeron
1278 4465 1418 4528 appellatur.
1454 4467 1484 4514 Et
1493 4477 1566 4528 prope
1575 4465 1641 4514 iilum
1651 4468 1728 4515 casira
1738 4469 1856 4524 metatus,

1079 4561 1159 4610 omnia
1167 4561 1198 4610 ad
1205 4575 1306 4624 prognem
1313 4561 1445 4610 necessaria
1453 4560 1558 4622 parabat.
1569 4562 1655 4609 Secum
1662 4565 1743 4609 nutem
1754 4560 1859 4609 trahebat

1077 4651 1248 4714 quadringenta
1255 4653 1337 4713 millia,
1344 4651 1496 4702 Hieroboami
1506 4664 1563 4700 reru
1570 4653 1691 4700 causitus
1697 4650 1773 4713 dupio
1781 4653 1858 4713 major

1009 4766 1016 4785 ι
1077 4748 1135 4793 erut.
1152 4746 1279 4807 Quumque
1288 4745 1337 4806 jum
1347 4743 1435 4792 uuiiites
1450 4756 1480 4793 es
1493 4741 1594 4792 adraso
1605 4747 1695 4792 starent
1704 4741 1735 4790 ad
1745 4741 1858 4791 dimiono

1077 4836 1136 4884 dum
1146 4841 1171 4884 et
1188 4836 1292 4900 pericula
1307 4834 1431 4885 subeunda
1446 4835 1560 4894 scciueti,
1571 4839 1643 4896 utque
1654 4834 1678 4882 in
1696 4847 1726 4882 eo
1736 4839 1820 4883 esseut
1831 4839 1857 4882 ut

220 4959 247 4997 σο
261 4935 349 4996 θαλεῖν
362 4937 468 5014 ἔμελλε,
481 4940 544 5008 στδις
556 4942 594 5023 ἐφ’
610 4944 708 5023 ὑψηλοῦ
719 4965 785 5008 τινος
796 4941 876 4999 τόπου
890 4939 978 5007 iliis<
988 4940 1034 4999 καί
1077 4926 1624 4988 Μυθωῃκίθίωίιθδίωθέίωθυωθω
1631 4926 1772 4986 ¹⁰⁰⁰⁹q⁰¹¹¹¹¹
1781 4939 1855 4974 ’Μ’

259 5028 292 5102 τῇ
313 5023 381 5104 χειρί
398 5027 556 5093 κατασείσας
574 5027 604 5086 τὸ
622 5031 719 5101 πλῆθος
738 5028 783 5087 καί
801 5027 844 5086 τὸν
864 5027 1033 5106 Ἱεροόόαμον
1077 5019 1245 5082 θίθθίθωῦθθίν
1265 5021 1414 5084 lt⁰l³i¹¹umet
1430 5020 1615 5070 ”immuni
1635 5019 1726 5080 ‘⁰8²⁸‘st
1744 5025 1772 5068 ¹¹¹
1790 5020 1857 5081 prius

260 5113 370 5170 ἀκοῦσαι
381 5115 482 5191 πρῶτον
494 5116 570 5172 αὐτοῦ
581 5115 637 5192 μεθ’
650 5114 761 5194 ἡσυχίας
774 5115 878 5187 ἠξίωσε,
920 5113 1034 5191 l'nopi·
1077 5112 1441 5176 ipsumquieieaodireveileut.
1474 5111 1856 5176 Factoquesileutioorsusestin

258 5223 304 5270 νης
317 5197 344 5256 δέ
359 5202 457 5267 σιωπῆς
470 5199 565 5279 ἤρξατο
577 5202 670 5280 λέγειν,
712 5231 724 5254 ι
738 5199 801 5260 Ὅτι
815 5201 1032 5280 μὲυτήνήγεμο-
1077 5206 1128 5254 lraee
1145 5205 1225 5254 verba.
1266 5225 1279 5248 s
1298 5209 1349 5254 vos
1366 5203 1464 5268 quidem
1475 5218 1523 5254 riou
1534 5204 1647 5266 ignoratis
1659 5203 1743 5253 Dsrldi
1754 5204 1856 5266 ejusque

260 5315 272 5340 ι
286 5299 343 5344 νίαν
354 5291 368 5346 θ
379 5285 446 5354 θεὸς
458 5283 557 5364 Δαυίδῃ
570 5287 613 5346 καί
629 5297 681 5355 τοῖς
696 5289 808 5367 ἐκγόνοις
823 5292 899 5348 αὐτοῦ
914 5289 1032 5348 κατένευ·

1077 5319 1088 5340 ι
1101 5297 1201 5360 posteris
1213 5297 1371 5360 principatum
1382 5295 1477 5347 dedisse
1486 5299 1564 5347 Deum
1576 5298 1600 5346 iu
1610 5309 1680 5346 oruoe
1693 5308 1789 5345 mrum:
1804 5297 1855 5358 ipso
