3859 6084
284 497 338 551 ln
400 488 521 572 (ιιηιιν.)
755 497 1038 558 ΑΡΧΑΙΟλΟΓλλΣ
1058 500 1155 560 utun.
1177 507 1210 563 Δ.
1231 506 1325 567 llum
1347 508 1380 567 Ε.
1721 520 1859 588 [aon—nod

279 618 338 679 Σίν·
350 620 395 678 καὶ
410 620 574 691 πενθήσαντα
597 622 639 680 ἐπὶ
659 620 800 701 τριάκοντα
816 625 916 706 ἡμέρας
936 626 981 685 τθν
992 627 1055 685 λαὸν
1100 638 1232 699 pclireruut
1248 656 1321 705 super
1337 644 1440 707 quodem
1452 648 1533 695 moute
1544 647 1786 712 quisinappellatur3
1797 666 1863 715 popu·

240 761 242 767 .
277 706 387 787 ἐκόθηρε
405 710 521 779 Μωῦσῆς
531 707 614 787 τούτῳ
625 713 661 788 τῷ
672 709 769 791 τρόπῳ.
812 713 920 793 Μόσχον
940 716 1054 788 θήλειαν,
1099 726 1209 790 λυπνηυε,
1228 732 1392 794 quumlpsatn
1411 734 1560 795 pertrigiuta
1576 735 1627 785 dieo
1644 736 1862 801 luxissent,lloysct

277 794 390 876 ἀρότρου
404 794 452 873 μέν
466 795 510 854 καί
525 794 652 875 γεωργίας
663 796 778 879 ἄπειρον,
789 800 929 881 ὁλόκληρον
941 801 981 876 δὲ,
995 802 1053 871 ξαν·
1099 813 1144 863 boc
1154 816 1357 867 modulustruvil.
1389 822 1534 882 iuvencam,
1551 823 1663 873 arationis
1682 829 1707 874 et
1726 827 1863 887 agricultum

276 881 323 954 θήν
337 894 436 961 πᾶσαν,
452 882 544 963 μικρὸν
557 884 659 943 ἄπωθεν
674 893 718 946 τοῦ
735 889 911 967 στρατοπέδου
931 914 1054 971 προαχα·
1098 901 1205 952 laborum
1232 910 1367 967 expertem,
1397 909 1490 970 integro
1520 923 1632 972 corpure,
1667 900 1740 961 totam
1771 913 1863 973 danem,

247 990 261 1029 tt
275 971 328 1049 γὼν
339 974 374 1039 είς
383 972 479 1053 χωρίον
489 972 711 1053 καθαρώτατον,ὁ
732 976 867 1057 ἀρχιερεύς
882 977 956 1037 ἔθυσέ
969 1002 997 1037 τε
1007 978 1053 1037 κοιλ
1098 990 1221 1051 paululum
1242 1000 1310 1043 entra
1329 999 1406 1045 castra
1421 997 1526 1047 mouens
1547 1000 1666 1061 mutilen,
1685 1000 1709 1049 ln
1727 1002 1776 1051 loco
1792 1005 1864 1065 puris·

273 1064 321 1117 τοῦ
335 1058 445 1135 αίματος
460 1058 568 1128 ἐπτόκις
579 1060 670 1144 ἔρρανε
690 1068 727 1145 τῷ
743 1063 864 1123 δακτύλω
881 1065 987 1145 ἀντικρύ
1007 1071 1054 1137 τῆς
1097 1077 1158 1127 sium
1176 1094 1228 1128 eam
1248 1081 1380 1132 immolavit
1405 1085 1504 1148 ejusque
1527 1089 1667 1149 sanguinem
1691 1090 1776 1153 septies
1797 1092 1863 1153 digito

275 1151 372 1218 σκηνῆς
385 1152 429 1206 τοῦ
444 1150 521 1208 Θεοῦ·
540 1147 629 1208 ἔπειτα
638 1150 776 1228 καιομένης
790 1157 824 1219 ὡς
840 1176 908 1234 εχεν
929 1153 992 1224 θλης
1007 1158 1054 1226 τῆς
1097 1169 1198 1229 aspersit
1218 1170 1261 1218 Dei
1285 1164 1370 1221 versus
1389 1173 1570 1225 tabernaculum
1590 1196 1596 1226 :
1613 1177 1714 1239 deinde,
1740 1180 1812 1229 solida
1829 1183 1864 1242 ju·

273 1234 411 1311 δαμάλεως
434 1232 480 1294 σύν
502 1260 535 1315 τη
551 1238 614 1319 δορᾷ
627 1238 672 1297 καί
690 1244 743 1306 τοῖς
763 1239 832 1308 ἐντὸς
848 1239 921 1309 ξύλον
938 1242 1052 1322 κέδρινον
1097 1266 1171 1303 reuca
1193 1255 1226 1305 ita
1242 1262 1269 1307 ut
1282 1260 1410 1321 procubuit
1427 1276 1483 1311 cum
1500 1264 1561 1326 pelle
1579 1278 1607 1315 ac
1623 1266 1742 1315 intestinis
1761 1268 1863 1329 ardente,

274 1324 309 1389 εἷς
330 1322 409 1399 μέσον
424 1324 585 1401 ἐμθόλλουσι
599 1326 628 1385 τό
643 1332 694 1407 πῦρ
717 1326 894 1387 καλύσαωπον
911 1328 957 1389 καὶ
976 1352 1053 1411 φοινι·
1096 1340 1186 1403 lignum
1206 1345 1329 1395 cedrinum
1348 1348 1452 1398 medium
1471 1350 1495 1399 io
1515 1352 1594 1413 ignem
1612 1352 1734 1414 injiciunt,
1755 1354 1863 1417 simulque

233 1434 259 1473 lu
272 1411 333 1470 κτθν
346 1413 422 1494 ἔριον.
464 1414 623 1492 Συναγαγὼν
634 1418 656 1474 δ’
675 1420 755 1489 αὐτῆς
769 1418 875 1477 ἅπασαν
888 1419 936 1490 τὴν
955 1419 1051 1500 τέφραν
1096 1429 1227 1492 hyssopum
1236 1436 1262 1481 et
1272 1411 1352 1483 lanam
1361 1437 1503 1487 coccineam.
1534 1439 1702 1499 liuiuaantem
1710 1442 1864 1491 cincremuni·

272 1498 349 1576 ἁγνὸς
372 1501 439 1582 ἀνήρ
470 1502 639 1575 κατατίθησιν
663 1506 698 1571 είς
722 1504 818 1584 χωρίον
848 1503 1049 1585 καθαρώτατον.
1096 1528 1191 1565 versum
1205 1520 1501 1586 iromopuruacolligitet
1514 1526 1630 1576 inlocum
1642 1529 1820 1578 mundissimum
1833 1544 1865 1579 re·

271 1588 340 1657 Τοθς
352 1582 396 1649 σύν
412 1590 464 1649 ἀπὸ
475 1598 565 1672 νεκροῦ
579 1592 787 1671 μεμιασμένους,
802 1599 847 1665 τῆς
859 1594 953 1675 τέφρας
965 1594 1051 1673 ὀλίγον
1095 1606 1171 1667 ponit.
1204 1608 1304 1658 Paulum
1317 1610 1396 1673 itaquae
1406 1612 1479 1674 bujus
1487 1615 1574 1665 moeris
1582 1615 1607 1663 in
1619 1616 1709 1667 iontem
1722 1619 1864 1666 immittentes

271 1679 307 1745 εἷς
320 1678 408 1756 πηγήν
423 1677 533 1747 ἐνιέντες
546 1681 593 1739 καί
611 1681 743 1752 ὕσσωπον,
762 1681 937 1761 βαπτίσαντές
954 1704 983 1739 τε
1005 1682 1050 1740 καί
1094 1706 1149 1741 cum
1166 1696 1263 1759 hyssopi
1277 1699 1384 1762 ramulo,
1397 1701 1551 1765 eiusdemque
1562 1705 1648 1754 cineris
1658 1706 1826 1768 aliquantulum
1841 1706 1862 1753 in

270 1770 318 1837 τῆς
332 1766 426 1849 τέφρας
441 1768 537 1841 ταύτης
552 1772 588 1836 εἰς
607 1768 706 1846 πηγὴν,
727 1770 845 1852 ἔρραινον
867 1769 941 1850 τρίτη
956 1792 989 1863 τε
1005 1770 1050 1830 καλ
1093 1794 1180 1843 aquam
1188 1783 1367 1849 immergentes,
1377 1793 1494 1838 amorluo
1503 1791 1607 1853 pollutos
1616 1793 1656 1842 die
1666 1795 1731 1842 tertia
1741 1797 1764 1842 et
1772 1795 1862 1855 septima

232 1869 256 1909 lu
270 1852 370 1933 ἐόδόμῃ
391 1860 442 1915 τῶν
466 1862 583 1937 ἡμερῶν,
607 1857 652 1916 καὶ
673 1860 783 1939 καθαροὶ
807 1858 837 1917 τό
857 1857 947 1917 λοιπόν
971 1864 1048 1930 ῆσαν.
1093 1872 1326 1934 corrspergebant‚et
1336 1876 1370 1923 sic
1385 1890 1428 1938 pro
1437 1878 1534 1927 mundis
1543 1879 1568 1927 in
1583 1886 1706 1941 posterum
1718 1882 1862 1930 habebantur.

270 1946 355 2005 Τοῦτο
370 1944 456 2004 δὲκαὶ
472 1948 639 2005 κατελθοῦσιν
655 1950 690 2015 εἰς
710 1946 756 2015 τθις
776 1945 934 2028 κληρουχίας
952 1947 1048 2028 προσέ·
1093 1960 1171 2020 dique
1181 1960 1325 2023 bocipsum,
1335 1976 1410 2025 quum
1422 1965 1446 2013 iu
1459 1971 1543 2015 terram
1553 1974 1617 2017 sorte
1625 1968 1789 2030 possidendam
1800 1968 1863 2019 dere·

268 2032 329 2101 ταξε
343 2035 433 2092 ποιεῖν.
1092 2044 1184 2108 nitent,
1198 2050 1287 2098 serrari
1299 2054 1418 2114 pracepit.

311 2120 342 2190 ζ’·
365 2120 441 2183 Μετὰ
465 2122 492 2181 δέ
506 2120 553 2195 ibt
568 2123 611 2183 ἐπὶ
631 2127 669 2206 τῷ
692 2122 781 2183 “flou
801 2128 847 2196 ε’ῗις
869 2126 982 2205 ἀδελφῆς
1003 2130 1047 2183 εεῧ
1123 2152 1147 2198 7.
1165 2151 1294 2212 Postquam
1308 2154 1506 2213 uerecundius,
1518 2167 1626 2204 sororem
1638 2154 1706 2205 ducis
1718 2156 1815 2218 lugendo
1829 2156 1861 2205 ln·

269 2216 418 2291 στρατηγοῦ
440 2210 567 2297 κοίθαρσοιν
586 2213 708 2284 τοιαύτην
729 2214 870 2291 γενομένην
893 2216 980 2289 ἀπῆγε
999 2213 1046 2287 τήν

229 2315 256 2355 to
269 2298 378 2378 δύναμιν
393 2299 436 2359 iii
450 2306 496 2371 τῆς
509 2300 606 2381 ἐρήμου
620 2302 723 2373 καὶτῆς
736 2302 866 2383 Ἀραθίας.
908 2300 1009 2361 ἸΞλθὼν
1024 2303 1046 2361 δ’

269 2392 304 2456 εἰς
317 2389 412 2469 χωρίον
433 2388 447 2449 θ
471 2389 633 2469 μητρόπολιν
650 2393 737 2450 αὐτῶν
752 2390 863 2472 Ἀραόες
879 2391 1046 2467 νενομίκασι,

268 2478 393 2559 πρότερον
408 2478 455 2556 μὲν
466 2474 564 2558 Ἀρκην
587 2478 742 2555 λεγομένην,
760 2480 863 2561 Πέτραν
882 2480 910 2539 δέ
926 2488 971 2539 νῦν
987 2484 1045 2539 ὀνο-

267 2566 426 2644 μαζομένην·
445 2569 569 2639 ἐνταῦθα,
582 2569 683 2647 ὑψηλοῦ
698 2567 862 2647 περιέχοντος
880 2569 955 2649 όρους
968 2568 1045 2640 αὐτὸ,

267 2656 366 2723 χαρὰς
378 2654 477 2736 Ἀαρὼν
488 2656 530 2713 ln'
543 2655 620 2727 aiei,
636 2656 771 2723 Μωῦσρως
786 2659 857 2736 αὐτῷ
870 2656 1046 2728 δεδηλωκότος
1090 2648 1301 2709 appellatur,)illic,
1311 2665 1385 2713 ηιιιιιιι
1395 2652 1464 2700 luem
1473 2652 1663 2701 circumdaretur
1673 2660 1752 2703 munte
1763 2656 1857 2712 excelso,

227 2764 253 2805 ut
267 2744 307 2804 ότι
321 2745 413 2824 μέλλοι
427 2748 561 2816 τελευτᾶν,
576 2744 690 2811 ἅπαντας
700 2752 744 2803 τοῦ
760 2744 954 2825 στρατεύματος
964 2749 1044 2824 ὁρῶν.
1090 2751 1165 2795 λατοιι
1184 2748 1208 2796 in
1227 2750 1339 2798 uerticem
1356 2751 1499 2811 ascendens,
1509 2754 1692 2814 praemunitnsa
1704 2756 1786 2815 lloyse
1801 2754 1858 2815 qinod

265 2858 320 2907 τος,
330 2834 464 2911 (κάταντες
478 2832 528 2913 γθρ
538 2824 569 2905 ἦν
580 2832 609 2891 τὸ
620 2835 735 2916 χιορίον,)
749 2833 890 2892 ἀποδύεται
900 2832 948 2904 τήν
959 2836 1045 2913 ἀρχιε-
1090 2844 1334 2907 moriturusesset‚in
1343 2851 1471 2911 eurnspecin
1483 2849 1682 2900 totiuseuereilus
1692 2850 1857 2911 (declinisenim

267 2923 376 3003 ρεεεεεεελν
390 2921 494 2991 στολὴν,
509 2920 555 2979 καί
570 2922 703 3000 παραδοὺς
727 2921 808 2993 αὐτὴν
830 2922 985 3001 Ἐλεαζάρῳ
1007 2924 1044 2999 τῷ
1089 2940 1329 3003 incunctabundus
1350 2946 1510 3007 pontificalem
1528 2948 1612 3006 exirit,
1630 2949 1754 3012 ipsumque
1772 2950 1857 2998 tradens

266 3010 354 3083 παιδί’
369 3010 433 3091 πρὸ(
447 3008 476 3067 ὃν
489 3008 532 3067 διὰ
542 3009 589 3081 τὴν
603 3011 738 3081 mmm
756 3010 935 3090 ἀρχιερωσύνη
953 3032 1044 3087 παρα·
1089 3038 1201 3089 Eleazaro
1215 3040 1277 3102 liliu,
1294 3042 1324 3091 ad
1339 3057 1409 3105 quem
1421 3047 1498 3094 ostatis
1510 3047 1669 3108 praerogativi
1684 3049 1811 3110 pertinebat
1821 3062 1856 3097 sa·

266 3097 379 3175 Υίνεεαε,
401 3098 506 3168 θνήσκει
524 3103 570 3155 τοῦ
589 3097 761 3210 “Memfi
782 3096 859 3155 αὐτὸν
881 3099 1043 3203 ἀφορῶντος]
1088 3136 1291 3197 cordolium‚nita
1307 3139 1414 3201 decedit,
1429 3142 1517 3205 populo
1531 3143 1680 3205 inspectante
1705 3147 1858 3209 moriensqui-

225 3188 303 3265 αυτῷ
316 3184 362 3262 μὲν
376 3187 446 3265 αὐτῷ
458 3184 614 3255 τελευτήσας
625 3184 721 3265 ἔτει,ιρ
734 3184 779 3242 καί
791 3184 838 3256 τήν
854 3186 968 3265 ἀδελφήν
981 3188 1044 3242 ἀπε·
1088 3236 1195 3286 demi
1544 3241 1571 3253 ..
1685 3183 1693 3205 ’

1033 3272 1040 3296 ,
1196 3250 1376 3301 pacanuu.quo
1388 3248 1857 3308 sororemarnrsrl,quumqueanuoseeu·

265 3272 346 3344 θαλε,
361 3272 429 3352 βιούς
444 3273 470 3330 δὲ
485 3272 530 3344 ἔτη
543 3271 576 3329 ei
590 3273 677 3330 πάντα
691 3273 751 3352 τρία
764 3272 828 3353 πρὸς
838 3278 889 3339 τοῖς
902 3274 984 3331 εἴκοσι
998 3296 1044 3331 και
1294 3322 1297 3326 ,
1553 3341 1558 3351 Ι
1820 3346 1824 3353 ¹

264 3362 368 3422 ἑκατόν.
411 3360 582 3432 Ἀποθνήσκει
608 3361 635 3419 δὲ
659 3360 728 3419 κατὰ
759 3361 872 3433 σελήνην
896 3361 1041 3440 νουμηνίᾳ,
1088 3337 1140 3383 tum
1150 3334 1293 3397 complesset
1309 3340 1496 3399 etvrgrotrtres.
1529 3343 1676 3392 Dresautem
1690 3345 1768 3393 obitus
1783 3344 1857 3393 incidit

265 3451 345 3527 μηνὸς
361 3450 433 3517 ὄντος
448 3448 521 3531 παρὰ
536 3448 1043 3525 μὲνἈθηναροῑςερχατομςαιῶνοςκα,
1088 3435 1112 3484 in
1136 3437 1226 3486 mensis
1253 3436 1349 3486 initium
1374 3440 1506 3488 aecurrdnm
1525 3441 1620 3501 lunam,
1641 3446 1730 3494 mensis
1751 3447 1800 3505 eius
1819 3445 1855 3505 quii

262 3537 407 3616 λουμένου,
424 3536 500 3620 χῴου
520 3535 547 3596 δὲ
566 3537 639 3617 παρὰ
655 3524 815 3609 Mmgo‘w',
835 3536 917 3597 ³365&
938 3536 966 3596 δὲ
979 3536 1043 3617 παρ’
1088 3534 1271 3583 dtlreuieosibus
1280 3534 1377 3597 quidem
1389 3537 1573 3587 llecalumbaeon
1584 3539 1682 3601 dicitur,
1698 3542 1857 3592 Macedonibus

224 3642 251 3683 aa
264 3626 406 3711 Ἑὸραίοις,
1087 3638 1168 3685 autem
1179 3637 1526 3698 Lous‚llebraelsrerudbba.

575 3774 666 3833 ΚΕΦ.
688 3770 730 3831 E'.
1423 3781 1499 3839 CAP.
1514 3781 1546 3839 V.

1092 2254 1189 2310 nesius,
1202 2251 1248 2299 boc
1256 2251 1328 2300 modo
1338 2252 1452 2301 lustratus
1463 2256 1529 2314 erat,
1542 2268 1598 2302 eum
1609 2268 1666 2303 cnm
1678 2256 1752 2316 copiis
1761 2256 1861 2303 omnibns

1091 2350 1160 2400 duxit
1172 2353 1269 2413 Moyses
1284 2366 1327 2414 per
1336 2352 1489 2402 solitudinem
1505 2358 1530 2403 et
1541 2355 1661 2405 brainam.
1694 2360 1817 2419 Quumque
1827 2370 1861 2404 ve

1090 2450 1166 2501 uisset
1175 2451 1205 2499 ad
1219 2453 1312 2513 lucum,
1322 2466 1395 2516 quiem
1407 2454 1495 2503 Arabes
1505 2456 1659 2517 metropolim
1670 2470 1738 2505 ειιειιυ
1750 2462 1860 2519 putamini,

1090 2550 1140 2612 (quui
1155 2550 1220 2612 priua
1231 2552 1327 2613 quidem
1346 2558 1406 2603 Arre
1423 2554 1559 2602 nominatus
1577 2558 1628 2613 est,
1646 2569 1710 2605 nunc
1727 2570 1781 2605 nero
1798 2560 1859 2604 l‘etra

304 3928 400 3996 Πένθος
414 3928 436 3988 δ’
449 3930 491 3987 ἐπ’
501 3930 571 4008 αὐτῷ
585 3932 628 3985 τοῦ
643 3928 709 3986 λαοῦ
723 3924 942 4008 τριακονθήμερον
958 3927 1042 4005 ἄγον·
1118 3941 1231 3998 Atquum
1240 3937 1321 3987 linitus
1327 3940 1391 3987 esset
1398 3937 1491 3998 luctus,
1501 3939 1589 4001 populo
1597 3953 1653 3989 cum
1664 3955 1705 4001 per
1714 3942 1857 4004 trigintadies

261 4044 321 4091 τος,
336 4016 393 4079 ἐπεὶ
406 4018 476 4077 τοῦτ’
499 4014 643 4098 ἐλώφησεν,
658 4014 798 4073 ἀναλαόὼν
811 4018 907 4073 ἐκεῖθεν
925 4018 1044 4091 Μωῦσῆς
1087 4024 1238 4087 deplorante,
1248 4027 1357 4085 blnyses,
1367 4024 1422 4073 inde
1433 4038 1489 4075 cum
1501 4026 1777 4090 circumponeremus,
1786 4034 1857 4077 castra

263 4106 305 4165 τὸν
320 4104 439 4186 στρατὸν,
454 4110 541 4184 παρῆν
556 4103 599 4163 ἐπὶ
613 4102 731 4179 ποταμὸν
751 4104 877 4183 Ἀρνῶνα,
889 4103 933 4183 ὃς,
948 4108 978 4164 ἐκ
992 4111 1042 4165 τῶν
1086 4112 1198 4161 admovet
1207 4111 1237 4160 ad
1249 4112 1349 4161 lineium
1361 4116 1494 4174 breonem,
1507 4114 1548 4176 qui
1559 4128 1589 4164 ex
1597 4116 1691 4166 Arabiae
1698 4118 1814 4167 montibus
1823 4131 1856 4165 or·

262 4200 308 4267 τῆς
322 4193 444 4277 Ἀραόίας
457 4196 522 4275 ὀρῶν
542 4191 690 4273 ὁρμώμενος
708 4192 753 4250 καί
773 4190 816 4251 διθι
836 4192 924 4262 πόσης
942 4194 1041 4273 ἐρήμου
1087 4199 1239 4250 tumduoeuu
1252 4204 1277 4248 et
1292 4203 1366 4249 iotam
1385 4200 1536 4250 solitudinem
1550 4207 1666 4265 evagatus
1681 4206 1705 4255 in
1721 4205 1855 4267 Asplraltitio

222 4303 250 4343 to
264 4283 337 4366 ῥέων,
349 4287 385 4351 είς
396 4283 443 4355 τήν
456 4283 621 4363 Ἀσφαλτῖτιν
632 4280 726 4358 λίμνην
736 4280 983 4360 ἐκδίθοισιν,ὁρίζοιν
995 4282 1042 4353 τήν
1086 4289 1197 4352 paludem
1215 4287 1306 4347 indicit,
1324 4290 1412 4337 terram
1435 4288 1547 4339 lloabitiu
1569 4294 1594 4341 et
1612 4294 1726 4342 dmuriiin
1746 4292 1855 4343 distermi-

261 4396 290 4431 τε
305 4370 500 4432 Μωαόῖτινκαλ
515 4372 664 4449 Ἀμωρῖτιν.
705 4371 745 4440 Γῆ
763 4367 863 4440 datm
878 4371 1042 4451 καρποφόρος
1086 4394 1153 4429 naus.
1186 4378 1267 4428 Tellus
1282 4382 1363 4427 autem
1379 4378 1550 4439 istalrugilera
1566 4385 1703 4444 esl‚atque
1720 4396 1749 4431 ex
1762 4396 1788 4431 ne
1802 4382 1856 4429 satis

262 4459 307 4517 καὶ
321 4461 417 4530 πλῆθος
436 4457 579 4539 ἀνθρώπων
593 4465 646 4522 τοῖς
659 4459 723 4536 παρ’
746 4457 826 4527 αὐτῆς
844 4460 950 4535 ἀγαθοῖς
964 4458 1041 4530 ἱκανή
1086 4469 1208 4517 lriuctuum
1219 4466 1357 4529 suppeditat
1369 4466 1399 4514 ad
1414 4466 1522 4515 alendam
1540 4469 1663 4518 bominum
1676 4471 1853 4520 multitudinem,

262 4544 371 4629 τρέφειν.
414 4546 484 4627 Πρός
494 4540 538 4605 οὖν
550 4548 671 4625 Σιχῶνα,
683 4545 727 4603 τθν
743 4544 913 4624 βασιλεύοντα
927 4550 974 4613 τῆς
986 4545 1042 4625 χώ·
1085 4557 1147 4607 lliuc
1155 4556 1186 4604 ad
1195 4541 1335 4615 sicilianum,
1347 4554 1386 4602 illu
1396 4554 1490 4614 regione
1502 4555 1677 4617 dominantem,
1695 4559 1759 4606 misit
1774 4558 1855 4617 leuatus

264 4658 309 4715 ρας
322 4634 431 4709 ταύτης,
443 4634 581 4694 ἀπέστειλε
592 4637 723 4707 Μωύσῆς,
736 4637 773 4712 τῷ
786 4635 889 4713 στρατῶ
903 4632 985 4691 δίοδον
1000 4636 1040 4691 oi·
1085 4648 1194 4706 bloyses,
1205 4648 1299 4692 oratum
1311 4644 1339 4691 ui
1356 4641 1401 4689 sibl
1420 4641 1501 4692 liceret
1521 4656 1563 4705 per
1581 4644 1645 4693 illius
1661 4646 1719 4693 dues
1730 4647 1854 4694 caerulum

222 4742 249 4781 tu
262 4726 313 4781 τῶν
326 4722 364 4805 ἐφ’
382 4714 422 4790 αἶς
436 4720 467 4780 ἂν
480 4722 596 4794 θιλήσειε
620 4722 748 4793 πίστεσιν,
762 4719 828 4779 ὥστε
844 4720 925 4799 μηδὲν
946 4724 1039 4792 ἀδικη-
1085 4730 1221 4791 traducere,
1234 4729 1384 4778 caiitiouibus
1396 4744 1550 4793 quascunque
1561 4732 1632 4781 uellet
1643 4732 1769 4795 adhibitis,
1779 4730 1855 4781 rrtolbi

263 4814 339 4883 θῆναι
351 4809 416 4886 μήτε
428 4809 475 4881 τήν
488 4816 537 4889 γῆν
558 4810 625 4887 μήτε
647 4810 704 4877 τοὺς
724 4812 883 4875 ἐνοικοῦντας
897 4800 933 4867 ῶν
951 4808 1040 4887 Σιχὼν
1085 4820 1142 4869 nibil
1152 4820 1212 4868 sorel
1223 4818 1353 4880 quidquam
1363 4817 1469 4878 iujuriae,
1484 4832 1528 4867 nec
1540 4820 1589 4881 agri
1606 4821 1657 4879 ejus
1668 4819 1801 4869 ‹letrimeoti
1816 4818 1855 4867 ali·

263 4898 383 4981 ἐκριίται,
401 4902 454 4964 τοῖς
473 4922 501 4956 τε
515 4898 582 4956 κατθι
606 4899 653 4969 τήν
675 4896 772 4978 ἁγορθιν
790 4902 905 4978 χρῆσθαι
925 4896 990 4976 πρὸς
1010 4896 1040 4956 τὸ
1084 4906 1141 4970 quid
1150 4908 1273 4968 caperent,
1284 4917 1327 4953 uec
1336 4906 1377 4966 qui
1387 4903 1434 4952 sub
1449 4905 1501 4965 ejus
1512 4905 1603 4955 ditione
1614 4909 1662 4956 sint
1671 4908 1754 4956 incolae
1767 4921 1773 4954 ι
1785 4918 1854 4967 suque

262 4986 367 5046 ἐκείνων
381 4984 526 5057 λυσιτελὲς,
539 4988 562 5043 εί
581 4988 626 5045 καί
640 4986 669 5044 τὸ
686 4986 754 5067 ὕδωρ
776 4989 862 5052 αὐτοῖς
882 4984 1039 5064 πιπροίσκειν
1084 5008 1162 5045 rerum
1174 4993 1293 5042 uenalium
1303 4992 1355 5041 iuro
1366 4992 1391 5040 iu
1401 5006 1485 5041 eurum
1495 4994 1647 5043 commodum
1656 5008 1755 5053 usums,
1766 4992 1852 5044 etiarnsi

263 5075 382 5137 ἐθέλοιεν.
424 5073 513 5154 Σιχὼν
534 5074 557 5131 δ’
585 5074 739 5155 ἀρνούμενος
753 5074 853 5143 ὁπλίζει
876 5074 921 5133 τόν
945 5075 1038 5132 οἰκεῖον
1083 5083 1121 5131 nel
1133 5094 1219 5145 uquam
1230 5080 1332 5130 vendere
1340 5081 1398 5142 ipsis
1411 5081 1536 5129 uoliterinl.
1570 5082 1657 5131 sichon
1667 5096 1723 5131 vero
1733 5083 1851 5132 transitum

222 5165 384 5247 aucuparis,
409 5164 452 5223 καί
473 5161 533 5231 τούς
548 5163 689 5244 Ἓύραίυυς
711 5162 852 5222 διαθαίνειν
866 5162 909 5221 τὸν
925 5162 1039 5237 Ἀρνῶνα
1082 5168 1259 5233 negauacopius
1269 5167 1852 5231 suasarnratasedtrdt,etsequammaximeoum·

262 5252 368 5313 κωλύειν
384 5250 547 5328 ἑτοιμότατος
561 5242 601 5321 ῆν,
1083 5256 1180 5321 parabat
1188 5259 1214 5306 ul
1224 5254 1373 5306 llcbraeosab
1381 5260 1475 5305 innuite
1484 5255 1623 5315 trajiciendo
1632 5256 1770 5319 prohiberet.
