3859 6084
332 521 388 572 ειε
432 513 492 586 (ιω,
506 511 566 584 ool

324 632 418 710 μέρους
437 631 570 690 ἐκέλευσεν
589 629 614 696 ἐξ
631 631 716 686 αὐτῶν
733 631 876 698 ἀναστῆναι
896 630 1010 708 βουνούς.
1052 632 1101 688 Γε-

323 719 431 796 νομένου
446 718 473 776 δὲ
490 718 581 776 τούτου
594 716 650 792 ἅμα
664 713 751 794 ἡμέρᾳ
764 717 880 794 πρόεισιν
901 717 1043 796 ὀψόμενος,
1057 715 1103 774 καὶ

326 808 484 882 θεασάμενος
506 804 603 884 ἤρξατο
617 802 679 883 πρὸς
693 803 736 860 τόν
753 803 869 884 παρόντα
884 804 945 862 λαὸν
965 806 1050 881 λέγειν
1069 807 1103 871 ὡς

324 893 399 959 αὐτὸς
415 895 461 970 μὲν
478 893 520 950 ἐπὶ
535 891 578 949 τὸν
594 891 721 961 δεσπότην
747 892 790 949 τὸν
811 893 891 950 αὐτοῦ
915 891 1103 969 στρατεύσαιτο

324 985 440 1039 κάκεῖνον
462 978 638 1049 ἀποκτείνειε,
661 979 766 1044 τούτους
787 977 814 1035 δέ
836 978 935 1044 πάντας
953 982 1000 1037 οὐκ
1029 979 1104 1046 αὐτὸς

323 1069 416 1126 ἀνέλοι.
459 1066 614 1142 Γιγνώσκειν
636 1065 662 1123 δέ
678 1065 769 1130 αὐτούς
784 1065 855 1136 ἠξίου
878 1066 937 1145 περὶ
956 1072 1003 1136 τῆς
1015 1067 1095 1146 Ἀχά-

327 1156 374 1213 6ου
386 1165 474 1234 γενεᾶς
486 1154 526 1212 ότι
542 1154 628 1212 πάντα
646 1152 713 1211 κατά
728 1152 775 1224 civ
789 1159 834 1211 τοῦ
853 1158 922 1214 Θεοῦ
943 1154 1101 1234 προφητείαν

325 1243 426 1321 γέγονε,
451 1243 495 1300 καῖ
511 1245 524 1298 θ
542 1233 610 1306 οἶκος
633 1243 727 1311 αὐτοῦ,
748 1241 832 1305 καθὼς
851 1241 943 1306 Ἠλίας
967 1245 1102 1319 προεῖπεν,

324 1331 453 1388 ἀπόλωλε.
496 1326 719 1406 Προσδιαφθείρας
733 1325 816 1412 δὲκαὶ
828 1327 885 1393 τοῦς
899 1327 972 1406 παρδι
986 1333 1038 1394 τοῖς
1049 1329 1101 1387 Ἰε-

284 1435 310 1474 to
324 1419 469 1495 σραελίταις
481 1415 628 1495 εὑρεθέντας
641 1417 669 1471 ἐκ
682 1420 727 1484 τῆς
737 1415 850 1492 Ἀμάθου
862 1417 1104 1493 συγγενείαςίππεῖς

323 1512 359 1573 εἰς
381 1505 535 1582 Σαμάρειαν
561 1503 705 1582 ἐπορεύετο.
762 1505 836 1562 Κατδι
855 1505 881 1561 δέ
901 1507 947 1574 τὴν
972 1506 1030 1562 ὁδὸν
1051 1515 1103 1571 τοῖς

326 1588 432 1670 Ὀχοζία
447 1591 588 1666 συμόαλὼν
606 1590 706 1654 οἰκείοις
719 1596 762 1646 τοῦ
784 1590 910 1667 Ιθασιλέως
927 1597 977 1648 τῶν
991 1592 1102 1671 Ἱεροσο-

323 1680 413 1756 Λύμων
426 1678 555 1756 ἀνέκρινεν
569 1677 660 1742 αὐτούς
675 1677 700 1734 τί
713 1675 743 1745 δή
763 1700 827 1734 ποτε
841 1679 1024 1757 παρεγένοντο.
1068 1683 1102 1738 Οἱ

323 1767 346 1822 δ’
368 1765 545 1840 ἀσπασόμενοί
562 1787 590 1821 τε
606 1763 735 1842 Ἰώραμον
760 1764 804 1820 καὶ
825 1765 868 1823 τόν
883 1768 968 1822 αὐτῶν
992 1766 1102 1844 βασιλέα

276 1865 299 1906 tn
315 1853 445 1933 Ὀχοζίαν
462 1852 535 1922 ἥκειν
548 1851 672 1932 ἔφασκον,
687 1852 786 1930 (οὐγὰρ
800 1853 895 1930 ᾔδεσαν
907 1852 997 1919 αὐτοὺς
1010 1857 1103 1932 ἀμφο-

322 1942 410 2018 τέρους
419 1943 461 1998 ὑπ’
478 1943 557 1997 αὐτοῦ
566 1939 796 2018 πεφονευμένους,)
812 1940 894 2009 Ἰηοῦς
908 1938 934 1996 δέ
944 1941 989 1997 καὶ
999 1942 1103 2009 τούτους

323 2027 512 2108 συλληφθέντας
527 2031 691 2107 ἀναιρεθῆναι
710 2026 875 2106 προσέταξεν,
891 2027 968 2092 ὄντας
982 2028 1025 2084 τόν
1046 2033 1101 2107 ἀρι-

324 2118 386 2194 θμὸν
398 2116 591 2195 τεσσαράκοντα
607 2115 660 2172 δύο.

365 2202 399 2270 ς’.
423 2207 541 2282 Συναντᾷ
554 2205 575 2259 δ’
591 2206 661 2283 αὐτῷ
675 2203 740 2278 μετδι
756 2203 859 2268 τούτους
874 2202 938 2282 ἀνὴρ
954 2203 1047 2282 ἀγαθὸς
1058 2205 1102 2261 καὶ

285 2303 312 2342 ²0
326 2293 437 2367 δίκαιος,
454 2291 607 2355 Ἰωνάδαύος
620 2290 711 2366 ὄνομα,
723 2291 795 2368 φίλος
807 2294 877 2370 αὐτῷ
885 2291 969 2347 πάλαι
983 2291 1101 2368 γεγονὼς,

325 2378 352 2445 ὃς
368 2378 552 2453 ἀσπασάμενος
568 2377 644 2434 αὐτόν
662 2379 774 2434 ἐπαινεῖν
790 2377 884 2456 ἤρξατο
897 2383 940 2435 τοῦ
956 2376 1041 2435 πάντα
1055 2402 1101 2435 πε-

323 2465 460 2536 ποιηκέναι
478 2463 545 2522 κατά
570 2464 693 2543 βούλησιν
716 2471 758 2521 τοῦ
775 2468 857 2534 Θεοῦ,
879 2465 926 2535 τὴν
944 2466 1027 2523 οἰκίαν
1041 2466 1102 2532 ἐξα-

324 2555 433 2633 φανίσας
445 2551 491 2622 τὴν
502 2552 624 2631 Ἀχάόου.
667 2553 748 2623 Ἰηοῦς
762 2553 783 2610 δ’
795 2553 927 2610 ἀναόάντα
938 2553 1017 2610 ε’πῖτὸ
1030 2553 1102 2630 ἅρμα

325 2643 495 2699 συνεισελθεῖν
515 2641 591 2698 αὐτὸν
612 2643 646 2706 εἷς
669 2641 821 2718 Σαμάρειαν
841 2641 1000 2718 παρεκάλει,
1019 2642 1101 2719 λέγων

285 2745 312 2782 to
327 2729 459 2796 ἐπιδείξειν
487 2731 541 2793 πῶς
560 2728 659 2794 οὐδενός
681 2727 797 2806 φείσεται
819 2735 944 2805 πονηροῦ,
972 2728 1102 2785 ἀλλὰκαὶ

325 2817 382 2883 τοῦς
395 2814 606 2896 ψευδοπροφήτας
623 2816 668 2872 καῖ
682 2815 740 2880 τοῦς
752 2817 891 2894 ψευδιερεῖς
908 2816 952 2872 καῖ
969 2816 1027 2881 τοῦς
1041 2816 1102 2882 ἐξα-

325 2904 493 2973 πατήσαντας
511 2902 540 2960 τό
552 2905 660 2974 πλῆθος,
676 2907 709 2968 όις
720 2903 766 2972 τὴν
783 2902 828 2976 μέν
843 2911 886 2960 τοῦ
900 2904 1023 2978 μεγίστου
1033 2908 1102 2963 Θεοῦ

325 2991 464 3071 θρησκείαν
483 2991 676 3065 ἐγκαταλιπεῖν,
701 2991 758 3054 τοὺς
778 2989 804 3047 δέ
818 2989 927 3057 ξενικούς
941 2993 1102 3070 προσκυνεῖν,

325 3078 515 3156 τιμωρήσεταν
539 3078 676 3135 κάλλιστον
698 3081 720 3135 δ’
737 3069 802 3135 εῖναι
819 3079 957 3153 θεαμάτων
979 3079 1024 3136 καὶ
1042 3081 1103 3149 ἥδι-

287 3185 388 3224 1εθστον
404 3165 476 3244 ἀνδρί
491 3169 599 3244 Ιχρηστῷ
611 3165 656 3222 καῖ
671 3165 762 3244 δικαίῳ
776 3167 962 3240 κολαζομένους
977 3167 1103 3245 πονηροὺς

328 3255 399 3310 ἰδεῖν.
440 3251 548 3317 Τούτοις
565 3252 678 3318 πεισθεὶς
696 3257 709 3310 ὁ
730 3252 885 3318 Ἰωνάδαόος
906 3253 1005 3318 ἀναίδις
1025 3257 1060 3320 εἷς
1074 3255 1103 3311 τὸ

326 3340 398 3420 άρμα
417 3342 451 3404 είς
465 3338 618 3415 Σαμάρειαν
640 3340 822 3417 παραγίνεται.
880 3340 1055 3410 Ἀναζητήσας
1076 3343 1102 3400 δὲ

326 3429 426 3491 πάντας
450 3425 507 3491 τοῦς
536 3426 648 3503 Ἀχόόου
677 3431 807 3502 συγγενεῖς
835 3427 917 3497 Ἰηοῦς
946 3429 1101 3490 ἀποκτείνει.

327 3513 486 3588 Βουλόμενος
498 3512 524 3569 δὲ
538 3514 636 3586 μηδένα
649 3517 700 3569 τῶν
710 3516 926 3592 ψευδοπροφητῶν
942 3515 1002 3588 μηδ’
1015 3515 1102 3594 ἱερέων

287 3614 313 3654 οε
326 3604 377 3657 τῶν
387 3599 499 3677 ’λχάόου
515 3603 577 3656 θεῶν
589 3598 715 3676 τιμωρίαν
727 3601 869 3678 διαφυγεῖν,
883 3603 971 3678 ἀπάτη
984 3602 1028 3659 καί
1036 3603 1103 3683 δόλῳ

327 3685 426 3753 πάντας
449 3685 540 3752 αὐτούς
559 3685 708 3744 συνέλαόεν.
751 3683 882 3762 ’ἀθροίσας
906 3685 956 3764 γδιρ
975 3688 1018 3745 τὸν
1038 3689 1102 3745 λαδν

327 3773 375 3852 ἔφη
400 3772 536 3850 βούλεσθαι
557 3771 725 3837 διπλασίονας
737 3762 772 3828 ῶν
785 3771 898 3849 Ἀχαύος
911 3776 974 3829 θεῶν
994 3775 1102 3850 εἰσηγή-

327 3882 391 3917 σατο
405 3867 568 3939 προσκυνεῖν,
582 3859 627 3916 καὶ
641 3857 698 3924 τούς
713 3858 816 3915 ἐκείνοιν
826 3862 901 3938 ἱερεῖς
913 3859 958 3916 καί
970 3863 1103 3940 προφήτας

326 3945 398 4016 ἠξίου
412 3947 456 4004 καί
475 3947 662 4026 δούλουςάὗτῷ
676 3951 809 4024 παρεῖναι·
824 3948 913 4013 θυσίας
928 3947 978 4023 γάρ
992 3950 1101 4006 πολυτε-

286 4047 313 4085 ⁴⁰
326 4035 378 4100 λεῖς
387 4033 431 4092 καῖ
443 4035 558 4110 μεγάλας
573 4036 697 4092 ἐπιτελεῖν
713 4035 816 4110 μέλλειν
828 4036 880 4100 τοῖς
890 4034 1003 4113 Ἀχάόου
1022 4039 1101 4106 θεοῖς,

326 4121 369 4178 τὸν
383 4122 405 4178 δ’
419 4120 606 4200 ἀπολειφθέντα
620 4126 671 4179 τῶν
684 4119 772 4199 ἱερέων
786 4121 889 4200 θανάτῳ
902 4121 1054 4197 ζημιώσειν.
1067 4122 1101 4182 ‘0

326 4207 354 4266 δὲ
372 4207 427 4274 θεὸς
448 4208 559 4286 Ἀχάόου
584 4208 660 4268 Βαάλ
677 4211 805 4267 ἐκαλεῖτο.
852 4209 940 4276 Τάξας
960 4210 984 4266 δ’
1002 4209 1102 4287 ἡμέραν

326 4299 383 4354 καθ’
402 4297 435 4366 ἣν
459 4294 550 4372 ἔμελλε
564 4295 681 4365 ποιήσειν
704 4296 749 4362 τάς
767 4295 871 4368 θυσίας,
892 4295 1032 4376 διέπεμψεν
1052 4297 1101 4354 ἀνά

325 4393 414 4441 πᾶσαν
428 4383 475 4453 τὴν
490 4387 540 4440 τῶν
558 4382 725 4460 Ἰσραηλιτῶν
743 4384 832 4461 χώραν
844 4383 901 4448 τοὺς
921 4383 1027 4450 ἄξοντας
1040 4384 1103 4463 πρὸς

287 4481 313 4520 ts
327 4469 403 4527 αὑτὸν
416 4468 473 4535 τοὺς
486 4471 559 4547 ἱερεῖς
572 4475 617 4526 τοῦ
632 4467 716 4527 Βαάλ.
758 4468 897 4528 Ἰἰκελευσε
912 4471 934 4526 δ’
951 4471 1037 4539 Ἰηοῦς
1050 4473 1102 4537 τοῖς

325 4559 422 4635 ἱερεῦσι
440 4558 527 4615 δοῦναι
545 4566 625 4612 πᾶσιν
646 4553 787 4632 ἐνδύματα.
830 4555 970 4616 Λαόόντων
992 4557 1032 4628 δὲ,
1049 4581 1102 4614 πα-

328 4644 423 4720 ρελθὼν
441 4647 476 4708 εἷς
497 4643 540 4700 τὸν
563 4633 631 4700 οῖκον
645 4641 712 4716 μετά
726 4650 770 4701 τοῦ
784 4643 858 4722 φίλου
875 4643 1049 4715 Ἰωναδάόου,
1064 4645 1102 4721 μή

326 4752 365 4795 τις
375 4732 401 4787 έν
417 4732 502 4796 αὐτοῖς
519 4728 661 4810 ἀλλόφυλος
675 4730 714 4800 εἴη
730 4731 774 4789 καί
789 4731 856 4798 ξένος
872 4733 1008 4808 ἐρευνῆσαι
1020 4755 1102 4811 προσ-

327 4812 430 4882 έταξεν·
445 4819 474 4875 ού
495 4816 631 4895 βούλεσθαι
644 4817 694 4896 γὰρ
709 4821 762 4884 τοῖς
776 4822 851 4898 ἱεροῖς
867 4821 951 4876 αὐτῶν
969 4819 1101 4897 ἀλλότριον

288 4917 315 4958 id
329 4903 546 4980 παρατυγχάνειν.
588 4905 649 4961 Τῶν
665 4903 691 4961 δέ
707 4905 829 4962 εἰπόντων
845 4905 890 4982 μέν
903 4905 994 4963 οὐδένα
1007 4914 1101 4985 παρεῖ-

329 5010 369 5044 ναι
392 4987 468 5058 ξένον,
484 4989 684 5068 καταρξαμένων
706 4993 732 5049 δέ
747 4997 797 5050 τῶν
813 4997 915 5065 θυσιῶν,
935 4992 1102 5071 περιέστησεν

331 5073 421 5141 ἔξωθεν
439 5075 596 5151 ὀγδοήκοντα
617 5077 660 5135 τὸν
676 5079 784 5158 ἀριθμόν
799 5080 910 5160 ἀνδρας,
925 5080 968 5146 οθς
983 5081 1040 5159 ᾔδει
1056 5105 1101 5138 πι-

330 5158 468 5226 στοτάτους
481 5166 532 5219 τῶν
549 5165 671 5235 ὁπλιτῶν,
697 5165 820 5233 κελεύσας
842 5169 928 5232 αὐτοῖς
950 5170 1101 5226 ἀποκτεῖναι

330 5246 388 5313 τοὺς
396 5249 626 5330 ψευδοπροφήτας,
645 5251 689 5310 καὶ
708 5259 752 5310 νῦν
767 5256 818 5320 τοῖς
830 5253 958 5334 πατρῴοις
977 5255 1044 5314 ἔθεσι
1061 5280 1099 5315 τι·

298 957 314 998 i

787 509 1186 568 almiralmuminim.
1209 515 1245 570 Θ.
1270 514 1360 573 llil».
1382 515 1422 588 C.

1781 521 1899 596 [ενι-ιιι,

1149 633 1418 695 tamulrinqueacerros
1426 637 1693 698 cxcisconslruijussit.
1705 642 1753 688 tloc
1765 641 1845 702 itaque
1853 645 1898 691 tir-tr

1149 730 1224 790 prima
1236 731 1288 780 luce
1299 734 1328 782 ad
1342 734 1381 782 illa
1395 735 1492 783 visenda
1502 735 1595 797 prodit,
1604 741 1678 799 atque
1691 739 1793 788 intuitus
1807 743 1874 802 coepit
1883 757 1898 790 ιι

1149 832 1277 892 populum,
1288 834 1331 894 qui
1346 838 1397 883 lum
1406 835 1488 882 aderat
1497 872 1504 896 ,
1512 835 1593 886 dicere
1603 838 1681 900 ipsum
1693 839 1791 901 quidem
1808 840 1831 887 irr
1846 841 1899 888 ‹louri

1149 924 1207 980 num
1220 947 1290 983 suurn
1303 938 1434 985 exercitum
1444 912 1569 1000 eduxisse,
1580 954 1683 1002 eumque
1696 941 1853 1002 interfecisse,
1862 946 1899 992 isto

1150 1044 1205 1081 rero
1219 1047 1305 1082 omues
1321 1049 1367 1082 non
1385 1037 1463 1097 ipsum
1479 1039 1617 1098 peremisse.
1650 1041 1764 1088 ceterum
1783 1041 1839 1088 illud
1850 1041 1897 1089 iisd

1147 1137 1220 1198 stirpe
1241 1138 1332 1187 Aclrabi
1347 1153 1486 1201 persuasum
1503 1155 1554 1191 esse
1570 1142 1680 1206 volebat,
1698 1145 1779 1192 omnia
1793 1145 1859 1204 justa
1875 1149 1898 1192 lle

1147 1237 1270 1285 oraculum
1293 1239 1416 1298 everrisse,
1437 1239 1539 1302 ejusque’
1555 1240 1669 1302 domum,
1691 1244 1762 1291 siculi
1787 1245 1898 1306 proulr'rerr'

1148 1340 1225 1400 Elias,
1236 1341 1343 1390 funditus
1352 1343 1458 1404 periisse.
1492 1347 1609 1393 Praeterea
1621 1351 1701 1394 autem
1711 1347 1797 1394 occisis
1808 1355 1899 1409 quolqrro

1148 1441 1211 1502 apud
1221 1442 1356 1490 Jesraelitas
1372 1457 1400 1490 ex
1413 1445 1503 1493 tclrabi
1519 1447 1624 1508 cognatis
1642 1449 1735 1509 equites
1751 1451 1846 1511 reperiri
1857 1457 1899 1512 pole

1148 1543 1213 1597 raut,
1223 1542 1353 1588 Samariam
1367 1542 1400 1592 ire
1411 1544 1576 1593 contendebat.
1610 1551 1688 1607 itque
1701 1547 1726 1595 iu
1738 1547 1822 1597 itinere
1835 1554 1899 1596 noctu

1149 1636 1259 1684 Oclrozire
1279 1637 1500 1701 Hierosolymorum
1517 1645 1579 1704 regis
1600 1647 1804 1706 consanguineos,
1824 1647 1899 1695 interro

1147 1735 1217 1796 gabat
1231 1752 1279 1798 quo
1291 1741 1388 1788 consilio
1399 1744 1522 1792 accedant.
1540 1747 1669 1807 Quumque
1683 1744 1716 1795 illi
1735 1751 1898 1809 respondissent

1149 1849 1174 1883 se
1184 1837 1313 1885 salutatum
1321 1839 1402 1888 uenire
1415 1843 1552 1902 loramum,
1565 1857 1689 1907 regemque
1697 1861 1771 1896 suum
1783 1852 1896 1900 0clroriarn

1148 1939 1296 1998 (nesciebant
1311 1943 1375 1990 eninr
1388 1947 1517 2006 utrumque
1530 1946 1561 1994 ab
1572 1959 1601 1996 eo
1609 1953 1745 2012 necatum),
1757 1953 1825 2000 lelrus
1838 1954 1898 2000 otiari

1148 2038 1207 2088 istos
1215 2043 1398 2103 comprehensos
1407 2044 1507 2094 interdci
1517 2047 1598 2107 jussit,
1606 2049 1715 2100 homiues
1726 2053 1788 2102 duos
1796 2057 1899 2116 etquadri

1147 2137 1210 2196 qinta
1221 2153 1331 2188 numero.

1178 2231 1201 2271 o.
1220 2228 1275 2272 l‘ost
1295 2228 1339 2274 tros
1353 2233 1431 2276 aulem
1453 2229 1487 2278 illi
1507 2233 1611 2280 occurrit
1631 2234 1666 2283 rir
1682 2235 1763 2286 bouus
1784 2243 1807 2287 el
1825 2239 1894 2299 justus

1148 2319 1243 2364 nornine
1253 2320 1406 2381 turnicius,
1417 2326 1488 2372 retus
1495 2324 1570 2384 ipsius
1580 2327 1685 2385 anricus,
1696 2328 1740 2388 qui
1753 2331 1828 2391 ipsum
1837 2331 1898 2380 saluta

1148 2416 1198 2458 turm
1208 2411 1341 2460 collaudare
1352 2416 1439 2475 cupit,
1450 2417 1513 2476 qrrod
1524 2419 1617 2477 orrrnie,
1631 2428 1701 2481 prout
1712 2424 1789 2472 uoluit
1804 2428 1872 2482 Deus,
1882 2425 1899 2472 lu

1147 2508 1220 2566 ceril,
1232 2510 1384 2570 exstirpando
1393 2511 1492 2562 domum
1505 2515 1603 2563 achabi.
1636 2518 1713 2567 tetrus
1727 2533 1783 2568 uero
1792 2523 1863 2581 ipsum
1873 2519 1898 2566 ob

1147 2600 1254 2648 serrabat
1273 2605 1299 2650 ut
1322 2616 1451 2653 conscenso
1473 2620 1544 2654 crrrru
1565 2611 1696 2658 Samariam
1716 2627 1792 2674 usque
1808 2628 1831 2661 se
1845 2613 1899 2660 corui·

1148 2701 1246 2755 tacetur,
1257 2697 1337 2746 dicens
1349 2714 1375 2747 so
1394 2701 1428 2748 illi
1440 2707 1592 2752 ostensurum
1610 2719 1662 2755 esse
1682 2710 1748 2768 quod
1769 2711 1825 2757 rrilril
1841 2722 1899 2772 parre

1147 2788 1309 2849 improborum
1327 2793 1451 2856 cuiquam,
1465 2795 1506 2844 sed
1521 2800 1546 2846 et
1567 2798 1639 2848 salsos
1655 2807 1723 2850 retes
1740 2804 1850 2864 supplicio
1865 2803 1899 2850 alli

1147 2888 1192 2934 ciel
1201 2893 1223 2935 el
1236 2889 1307 2936 salsos
1316 2893 1451 2940 sacerdotes
1459 2901 1606 2960 etquolqrrol
1617 2899 1706 2961 populo
1716 2903 1788 2950 rer-lia
1797 2903 1899 2951 rlerlerunl

1151 2985 1177 3030 ut
1199 2982 1242 3030 liei
1260 2986 1356 3044 quidem
1371 2986 1466 3035 uroximi
1483 2991 1575 3039 cultum
1598 2992 1748 3054 desererent,
1768 2998 1850 3045 alienos
1861 3011 1898 3043 τιτι

1148 3053 1272 3126 adorarent
1287 3095 1293 3126 :
1311 3095 1413 3142 namque
1429 3084 1597 3145 pulcerrimum
1613 3101 1666 3136 esse
1684 3093 1862 3166 spectaculorum
1877 3093 1898 3138 ri

1148 3192 1220 3238 roque
1232 3179 1295 3227 bono
1306 3189 1329 3228 et
1338 3183 1402 3243 justo
1411 3185 1611 3245 jucundissimum
1620 3190 1695 3238 malos
1713 3191 1793 3240 ridere
1809 3189 1898 3253 quenaal

1149 3277 1229 3325 lectos.
1264 3280 1319 3327 lslis
1335 3280 1484 3342 obscqrrrrtus
1505 3286 1656 3346 ionadabus,
1674 3287 1697 3336 in
1715 3303 1809 3338 currum
1824 3293 1898 3338 ererlu

1147 3372 1276 3420 Samariam
1289 3375 1362 3422 venit.
1395 3379 1472 3438 itque
1481 3380 1557 3428 Jelrus
1568 3395 1651 3430 omnes
1663 3385 1752 3433 Aclrabi
1761 3391 1864 3448 cognatos
1872 3397 1898 3431 urr

1147 3465 1219 3528 dique
1231 3471 1373 3530 perquisitos
1388 3470 1418 3518 ad
1433 3472 1617 3524 internecionem
1629 3479 1733 3538 perimit.
1749 3485 1826 3537 Quum
1837 3483 1898 3526 aulen

1147 3567 1217 3614 vellet
1232 3572 1337 3616 otnerno
1347 3582 1375 3617 es
1391 3570 1457 3618 salsis
1469 3571 1566 3620 ratibus
1576 3578 1619 3622 sut
1638 3577 1802 3626 sacerdotibus
1820 3577 1898 3625 deoruu

1146 3659 1235 3708 Aclrabi
1245 3661 1386 3721 supplicium
1397 3663 1524 3723 eltrrgerel,
1533 3664 1615 3714 fraude
1628 3681 1685 3715 usus
1694 3672 1719 3717 et
1732 3669 1786 3718 dolo
1799 3671 1898 3717 universo

1147 3751 1331 3813 comprehendit.
1362 3757 1451 3804 vocato
1462 3757 1525 3804 enim
1538 3757 1567 3806 ad
1578 3764 1719 3810 concionem
1733 3763 1817 3824 populo
1823 3762 1897 3809 dioebu

1146 3863 1172 3897 se
1186 3850 1243 3898 deos
1253 3851 1326 3913 duplo
1337 3853 1419 3913 plures
1433 3853 1478 3901 illis
1493 3868 1554 3915 quos
1568 3857 1680 3906 toliobus
1694 3859 1845 3908 introduxerit
1855 3857 1897 3906 arlo

1146 3956 1197 3990 rare
1211 3945 1283 4002 uelle,
1292 3944 1434 4008 rogabatque
1447 3954 1555 3995 curarent
1564 3955 1591 3996 ut
1600 3949 1694 3999 illorum
1704 3953 1833 4002 sacerdotes·
1842 3956 1863 4000 et
1871 3963 1897 3997 τε·

1146 4041 1182 4086 tes
1193 4042 1218 4086 et
1228 4039 1330 4087 cultores
1343 4039 1387 4101 ipsi
1398 4039 1521 4103 adessent,
1535 4044 1624 4105 quippe
1635 4045 1679 4094 silri
1695 4047 1720 4094 in
1731 4051 1806 4097 animo
1816 4061 1861 4094 esse
1870 4057 1897 4092 sr-

1145 4145 1186 4180 cra
1195 4132 1319 4196 splendida
1326 4137 1349 4183 et
1359 4149 1443 4196 magna
1454 4138 1543 4186 Aclrabi
1555 4138 1601 4187 diis
1612 4140 1701 4202 lacere,
1712 4146 1737 4191 et
1748 4143 1827 4204 siquis
1837 4153 1897 4189 sacer·

1145 4225 1230 4276 dotum
1246 4228 1356 4288 abluerit,
1369 4233 1445 4278 morte
1456 4207 1582 4281 multatum
1593 4233 1630 4282 iri.
1662 4237 1726 4283 Deus
1738 4242 1813 4285 aulem
1827 4230 1897 4283 lebabi

1146 4319 1200 4368 Boal
1210 4321 1348 4370 uocabatur.
1382 4323 1424 4372 Die
1433 4324 1515 4386 itaque
1528 4326 1650 4375 sacrillciis
1662 4328 1808 4378 celebrandis
1818 4326 1897 4378 indicto.

1146 4425 1189 4474 per
1204 4426 1300 4462 omnem
1317 4416 1477 4466 Israelitarum
1497 4417 1614 4468 ditionem
1628 4420 1721 4470 dimisit
1739 4423 1778 4484 qul
1790 4421 1857 4471 baalis
1869 4430 1897 4464 se

1146 4507 1252 4556 cerdotes
1262 4508 1291 4558 ad
1301 4511 1379 4571 ipsum
1394 4512 1548 4562 adducerent.
1569 4515 1737 4567 Sacerdotibus
1747 4523 1821 4565 aulem
1829 4525 1896 4576 prati·

1146 4602 1180 4662 pit
1192 4602 1268 4651 Jelrus
1279 4608 1306 4651 ut
1322 4607 1400 4653 restes
1410 4606 1522 4655 omnibus
1538 4609 1727 4671 suppeditarent
1743 4616 1857 4672 Quumque
1866 4617 1896 4655 τῦ

1146 4697 1290 4757 accepissent
1298 4733 1305 4757 ,
1313 4698 1434 4758 ingressus
1444 4702 1467 4748 in
1474 4701 1550 4750 cedern
1557 4715 1613 4750 curu
1625 4706 1704 4754 arnico
1714 4706 1830 4756 Jonedobo
1838 4701 1895 4753 elisit

1148 4795 1176 4838 ut
1186 4790 1309 4852 diligenter
1320 4799 1454 4854 quaererent
1464 4809 1494 4844 ne
1505 4795 1559 4856 quis
1571 4798 1601 4846 sil
1613 4799 1644 4847 tbi
1657 4815 1713 4850 cunr
1722 4801 1778 4866 ipsis
1790 4799 1895 4857 alienigeni

1145 4889 1187 4932 aul
1195 4887 1332 4947 peregrinus
1346 4904 1351 4935 :
1362 4890 1423 4938 nolle
1430 4892 1604 4944 enimalienum
1611 4896 1684 4944 sacris
1692 4896 1785 4945 illorum
1795 4896 1894 4943 interese·

1146 4976 1196 5026 lllis
1205 4991 1261 5027 vero
1271 4981 1377 5031 infitialis
1390 4986 1538 5044 peregrinum
1550 4990 1685 5051 quempiam
1693 4991 1775 5040 adesse
1786 4993 1893 5050 alqrrcrtu

1145 5071 1251 5122 divinam
1270 5075 1347 5126 lacere
1365 5079 1470 5138 exorsis,
1489 5079 1547 5130 loris
1558 5081 1677 5145 disposuit
1697 5085 1802 5133 lromrues
1815 5089 1894 5130 nrrnrerl

1146 5169 1278 5232 octoginta,
1291 5184 1353 5232 quos
1368 5187 1398 5221 ex
1418 5174 1694 5228 militibuslidelissimos
1704 5183 1811 5235 noreral,
1826 5173 1893 5236 quilli

1146 5265 1287 5325 imperatum
1297 5270 1347 5318 erat
1359 5271 1385 5317 ut
1394 5269 1711 5345 lalsosvalesinteriurerent
1720 5280 1743 5324 et
1754 5273 1833 5336 paulos
1847 5268 1893 5316 u'lls
