<?xml version="1.0" encoding="UTF-8"?>
<!DOCTYPE html PUBLIC "-//W3C//DTD XHTML 1.0 Transitional//EN"
    "http://www.w3.org/TR/xhtml1/DTD/xhtml1-transitional.dtd">
<html xmlns="http://www.w3.org/1999/xhtml" xml:lang="en" lang="en">
 <head>
  <title>
</title>
<meta http-equiv="Content-Type" content="text/html;charset=utf-8" />
  <meta name='ocr-system' content='tesseract 3.04.00' />
  <meta name='ocr-capabilities' content='ocr_page ocr_carea ocr_par ocr_line ocrx_word'/>
</head>
<body>
  <div class='ocr_page' id='page_1' title='image "./operagraeceetla01dindgoog_0785.png"; bbox 0 0 3859 6084; ppageno 0'>
   <div class='ocr_carea' id='block_1_1' title="bbox 23 518 162 593">
    <p class='ocr_par' dir='ltr' id='par_1_1' title="bbox 23 518 162 593">
     <span class='ocr_line' id='line_1_1' title="bbox 23 518 162 593; baseline -0.014 -20"><span class='ocrx_word' id='word_1_1' title='bbox 23 518 162 593; x_wconf 76' lang='lat' dir='ltr'><strong>[aui—su.)</strong></span> 
     </span>
    </p>
   </div>
   <div class='ocr_carea' id='block_1_2' title="bbox 23 636 795 2979">
    <p class='ocr_par' dir='ltr' id='par_1_2' title="bbox 23 636 780 803">
     <span class='ocr_line' id='line_1_2' title="bbox 23 636 780 721; baseline -0.008 -20"><span class='ocrx_word' id='word_1_2' title='bbox 23 644 110 721; x_wconf 76' lang='grc' dir='ltr'>γρίππογ</span> <span class='ocrx_word' id='word_1_3' title='bbox 120 638 185 717; x_wconf 83' lang='grc' dir='ltr'>μετδι</span> <span class='ocrx_word' id='word_1_4' title='bbox 200 640 315 707; x_wconf 80' lang='grc' dir='ltr'>σπουδῆς</span> <span class='ocrx_word' id='word_1_5' title='bbox 326 636 475 695; x_wconf 80' lang='grc' dir='ltr'>παύσασθαι</span> <span class='ocrx_word' id='word_1_6' title='bbox 487 644 531 709; x_wconf 85' lang='grc' dir='ltr'><strong>τῆς</strong></span> <span class='ocrx_word' id='word_1_7' title='bbox 545 643 595 696; x_wconf 80' lang='grc' dir='ltr'><strong>τῶν</strong></span> <span class='ocrx_word' id='word_1_8' title='bbox 610 640 702 716; x_wconf 70' lang='grc' dir='ltr'>τειχῶν</span> <span class='ocrx_word' id='word_1_9' title='bbox 717 638 780 707; x_wconf 75' lang='grc' dir='ltr'>ἕξοι·</span> 
     </span>
     <span class='ocr_line' id='line_1_3' title="bbox 23 724 572 803; baseline -0.005 -15"><span class='ocrx_word' id='word_1_10' title='bbox 23 729 187 803; x_wconf 86' lang='grc' dir='ltr'>κοδομήσεως·</span> <span class='ocrx_word' id='word_1_11' title='bbox 205 724 260 783; x_wconf 82' lang='grc' dir='ltr'><strong>δδὲ</strong></span> <span class='ocrx_word' id='word_1_12' title='bbox 277 727 388 781; x_wconf 79' lang='grc' dir='ltr'>ἀπειθεῖν</span> <span class='ocrx_word' id='word_1_13' title='bbox 402 728 448 783; x_wconf 87' lang='grc' dir='ltr'><strong>οθκ</strong></span> <span class='ocrx_word' id='word_1_14' title='bbox 463 724 572 803; x_wconf 86' lang='grc' dir='ltr'>ἐκρινεν.</span> 
     </span>
    </p>

    <p class='ocr_par' dir='ltr' id='par_1_3' title="bbox 23 801 793 2547">
     <span class='ocr_line' id='line_1_4' title="bbox 43 801 784 891; baseline -0.009 -17"><span class='ocrx_word' id='word_1_15' title='bbox 43 804 84 890; x_wconf 79' lang='grc' dir='ltr'><strong>γ’.</strong></span> <span class='ocrx_word' id='word_1_16' title='bbox 105 812 248 891; x_wconf 84' lang='grc' dir='ltr'>Ἐπεφύκει</span> <span class='ocrx_word' id='word_1_17' title='bbox 264 810 290 869; x_wconf 88' lang='grc' dir='ltr'>δέ</span> <span class='ocrx_word' id='word_1_18' title='bbox 304 816 317 869; x_wconf 83' lang='grc' dir='ltr'><strong>δ</strong></span> <span class='ocrx_word' id='word_1_19' title='bbox 334 811 454 891; x_wconf 76' lang='grc' dir='ltr'>βασιλεὺς</span> <span class='ocrx_word' id='word_1_20' title='bbox 465 802 537 877; x_wconf 75' lang='grc' dir='ltr'>οδτος</span> <span class='ocrx_word' id='word_1_21' title='bbox 550 810 707 890; x_wconf 85' lang='grc' dir='ltr'>εθεργετικδς</span> <span class='ocrx_word' id='word_1_22' title='bbox 718 801 784 869; x_wconf 73' lang='grc' dir='ltr'>εἶναι</span> 
     </span>
     <span class='ocr_line' id='line_1_5' title="bbox 23 896 785 979; baseline -0.01 -18"><span class='ocrx_word' id='word_1_23' title='bbox 23 908 43 961; x_wconf 84' lang='grc' dir='ltr'><strong>ἐν</strong></span> <span class='ocrx_word' id='word_1_24' title='bbox 63 906 165 979; x_wconf 77' lang='grc' dir='ltr'>δωρεαῖς</span> <span class='ocrx_word' id='word_1_25' title='bbox 186 900 233 961; x_wconf 81' lang='grc' dir='ltr'><strong>καὶ</strong></span> <span class='ocrx_word' id='word_1_26' title='bbox 254 900 480 978; x_wconf 63' lang='grc' dir='ltr'>μεγαλοφρονῆσαι</span> <span class='ocrx_word' id='word_1_27' title='bbox 506 896 565 968; x_wconf 84' lang='grc' dir='ltr'>ἔθνη</span> <span class='ocrx_word' id='word_1_28' title='bbox 587 898 719 979; x_wconf 88' lang='grc' dir='ltr'>φιλότιμος</span> <span class='ocrx_word' id='word_1_29' title='bbox 740 896 785 954; x_wconf 78' lang='grc' dir='ltr'><strong>καί</strong></span> 
     </span>
     <span class='ocr_line' id='line_1_6' title="bbox 23 984 785 1067; baseline -0.01 -20"><span class='ocrx_word' id='word_1_30' title='bbox 23 993 116 1056; x_wconf 75' lang='grc' dir='ltr'>πολλοῖς</span> <span class='ocrx_word' id='word_1_31' title='bbox 129 989 230 1067; x_wconf 87' lang='grc' dir='ltr'>ἀθρόως</span> <span class='ocrx_word' id='word_1_32' title='bbox 253 985 437 1061; x_wconf 76' lang='grc' dir='ltr'>δαπανήμασιν</span> <span class='ocrx_word' id='word_1_33' title='bbox 459 984 563 1053; x_wconf 89' lang='grc' dir='ltr'>ἀνιστδις</span> <span class='ocrx_word' id='word_1_34' title='bbox 578 986 654 1043; x_wconf 81' lang='grc' dir='ltr'>αθτδν</span> <span class='ocrx_word' id='word_1_35' title='bbox 675 988 710 1052; x_wconf 84' lang='grc' dir='ltr'><strong>εἰς</strong></span> <span class='ocrx_word' id='word_1_36' title='bbox 730 986 785 1043; x_wconf 77' lang='lat' dir='ltr'><strong>irrr-</strong></span> 
     </span>
     <span class='ocr_line' id='line_1_7' title="bbox 23 1072 783 1157; baseline -0.008 -24"><span class='ocrx_word' id='word_1_37' title='bbox 23 1078 127 1157; x_wconf 78' lang='grc' dir='ltr'>ρόνειαν,</span> <span class='ocrx_word' id='word_1_38' title='bbox 139 1075 267 1152; x_wconf 85' lang='grc' dir='ltr'>ἡδόμενος</span> <span class='ocrx_word' id='word_1_39' title='bbox 280 1077 317 1151; x_wconf 83' lang='grc' dir='ltr'><strong>τῷ</strong></span> <span class='ocrx_word' id='word_1_40' title='bbox 329 1072 495 1150; x_wconf 66' lang='grc' dir='ltr'><strong>Ιχαρίζεσθαι,</strong></span> <span class='ocrx_word' id='word_1_41' title='bbox 514 1075 557 1130; x_wconf 84' lang='grc' dir='ltr'><strong>καὶ</strong></span> <span class='ocrx_word' id='word_1_42' title='bbox 570 1076 606 1147; x_wconf 83' lang='grc' dir='ltr'><strong>τῷ</strong></span> <span class='ocrx_word' id='word_1_43' title='bbox 619 1076 690 1149; x_wconf 80' lang='grc' dir='ltr'>βιοῦν</span> <span class='ocrx_word' id='word_1_44' title='bbox 702 1073 727 1129; x_wconf 87' lang='grc' dir='ltr'><strong>ἐν</strong></span> <span class='ocrx_word' id='word_1_45' title='bbox 739 1074 783 1130; x_wconf 90' lang='grc' dir='ltr'><strong>εὐ-</strong></span> 
     </span>
     <span class='ocr_line' id='line_1_8' title="bbox 23 1157 785 1243; baseline -0.007 -23"><span class='ocrx_word' id='word_1_46' title='bbox 23 1163 96 1243; x_wconf 64' lang='grc' dir='ltr'>φημίᾳ</span> <span class='ocrx_word' id='word_1_47' title='bbox 110 1162 218 1241; x_wconf 69' lang='grc' dir='ltr'><strong>Ιγαίρων,</strong></span> <span class='ocrx_word' id='word_1_48' title='bbox 234 1165 294 1218; x_wconf 88' lang='grc' dir='ltr'>κατ’</span> <span class='ocrx_word' id='word_1_49' title='bbox 310 1158 381 1217; x_wconf 82' lang='grc' dir='ltr'>οὐδὲν</span> <span class='ocrx_word' id='word_1_50' title='bbox 395 1157 500 1239; x_wconf 77' lang='grc' dir='ltr'>Ἡρώδῃ</span> <span class='ocrx_word' id='word_1_51' title='bbox 512 1162 549 1239; x_wconf 84' lang='grc' dir='ltr'><strong>τῷ</strong></span> <span class='ocrx_word' id='word_1_52' title='bbox 561 1158 611 1239; x_wconf 77' lang='grc' dir='ltr'><strong>πρὸ</strong></span> <span class='ocrx_word' id='word_1_53' title='bbox 625 1162 717 1217; x_wconf 75' lang='grc' dir='ltr'>ίαυτοῦ</span> <span class='ocrx_word' id='word_1_54' title='bbox 735 1162 785 1237; x_wconf 88' lang='grc' dir='ltr'><strong>βα-</strong></span> 
     </span>
     <span class='ocr_line' id='line_1_9' title="bbox 23 1243 784 1327; baseline -0.011 -20"><span class='ocrx_word' id='word_1_55' title='bbox 23 1252 80 1307; x_wconf 89' lang='grc' dir='ltr'>σιλεῖ</span> <span class='ocrx_word' id='word_1_56' title='bbox 94 1250 134 1307; x_wconf 86' lang='grc' dir='ltr'><strong>τδν</strong></span> <span class='ocrx_word' id='word_1_57' title='bbox 146 1248 243 1327; x_wconf 85' lang='grc' dir='ltr'>τρόπον</span> <span class='ocrx_word' id='word_1_58' title='bbox 257 1244 456 1327; x_wconf 75' lang='grc' dir='ltr'>συμφερόμενος.</span> <span class='ocrx_word' id='word_1_59' title='bbox 479 1244 590 1325; x_wconf 83' lang='grc' dir='ltr'>Ἐκείνῳ</span> <span class='ocrx_word' id='word_1_60' title='bbox 607 1243 657 1323; x_wconf 81' lang='grc' dir='ltr'><strong>γάρ</strong></span> <span class='ocrx_word' id='word_1_61' title='bbox 673 1243 784 1323; x_wconf 79' lang='grc' dir='ltr'>πονηρόν</span> 
     </span>
     <span class='ocr_line' id='line_1_10' title="bbox 23 1328 788 1414; baseline -0.004 -21"><span class='ocrx_word' id='word_1_62' title='bbox 23 1328 49 1406; x_wconf 84' lang='grc' dir='ltr'><strong>ῆν</strong></span> <span class='ocrx_word' id='word_1_63' title='bbox 58 1328 112 1405; x_wconf 82' lang='grc' dir='ltr'>ῆθος</span> <span class='ocrx_word' id='word_1_64' title='bbox 124 1335 166 1392; x_wconf 82' lang='grc' dir='ltr'><strong>ἐπὶ</strong></span> <span class='ocrx_word' id='word_1_65' title='bbox 179 1334 311 1414; x_wconf 81' lang='grc' dir='ltr'>τιμωρίαν</span> <span class='ocrx_word' id='word_1_66' title='bbox 324 1331 453 1408; x_wconf 78' lang='grc' dir='ltr'>ἀπότομον</span> <span class='ocrx_word' id='word_1_67' title='bbox 468 1332 513 1390; x_wconf 81' lang='grc' dir='ltr'><strong>καί</strong></span> <span class='ocrx_word' id='word_1_68' title='bbox 527 1332 594 1391; x_wconf 67' lang='lat' dir='ltr'><strong>aare</strong></span> <span class='ocrx_word' id='word_1_69' title='bbox 607 1336 657 1389; x_wconf 85' lang='grc' dir='ltr'><strong>τῶν</strong></span> <span class='ocrx_word' id='word_1_70' title='bbox 668 1332 788 1409; x_wconf 74' lang='grc' dir='ltr'>ἀπήχθη·</span> 
     </span>
     <span class='ocr_line' id='line_1_11' title="bbox 25 1416 787 1499; baseline -0.005 -20"><span class='ocrx_word' id='word_1_71' title='bbox 25 1422 96 1499; x_wconf 88' lang='grc' dir='ltr'>με’νων</span> <span class='ocrx_word' id='word_1_72' title='bbox 108 1422 280 1497; x_wconf 72' lang='grc' dir='ltr'>ἀταμίευτον,</span> <span class='ocrx_word' id='word_1_73' title='bbox 291 1418 407 1491; x_wconf 81' lang='grc' dir='ltr'>Ἕλλησι</span> <span class='ocrx_word' id='word_1_74' title='bbox 419 1418 496 1489; x_wconf 78' lang='grc' dir='ltr'>πλέον</span> <span class='ocrx_word' id='word_1_75' title='bbox 510 1419 527 1489; x_wconf 79' lang='grc' dir='ltr'><strong>ἢ</strong></span> <span class='ocrx_word' id='word_1_76' title='bbox 543 1419 676 1485; x_wconf 82' lang='grc' dir='ltr'>Ἰουδαίοις</span> <span class='ocrx_word' id='word_1_77' title='bbox 690 1416 787 1485; x_wconf 81' lang='grc' dir='ltr'>οἰκείοις</span> 
     </span>
     <span class='ocr_line' id='line_1_12' title="bbox 26 1504 786 1587; baseline -0.005 -20"><span class='ocrx_word' id='word_1_78' title='bbox 26 1510 82 1587; x_wconf 71' lang='grc' dir='ltr'>ἔχειν</span> <span class='ocrx_word' id='word_1_79' title='bbox 91 1508 313 1586; x_wconf 73' lang='grc' dir='ltr'>ὁμολογούμενον·</span> <span class='ocrx_word' id='word_1_80' title='bbox 324 1504 475 1586; x_wconf 88' lang='grc' dir='ltr'>ἀλλοφύλων</span> <span class='ocrx_word' id='word_1_81' title='bbox 481 1504 511 1585; x_wconf 83' lang='grc' dir='ltr'><strong>γε’</strong></span> <span class='ocrx_word' id='word_1_82' title='bbox 518 1528 556 1563; x_wconf 91' lang='grc' dir='ltr'><strong>τοι</strong></span> <span class='ocrx_word' id='word_1_83' title='bbox 567 1505 653 1571; x_wconf 81' lang='grc' dir='ltr'>πολεις</span> <span class='ocrx_word' id='word_1_84' title='bbox 665 1504 786 1582; x_wconf 80' lang='grc' dir='ltr'>ἐσέμνυνε</span> 
     </span>
     <span class='ocr_line' id='line_1_13' title="bbox 25 1592 787 1676; baseline -0.007 -22"><span class='ocrx_word' id='word_1_85' title='bbox 25 1600 82 1655; x_wconf 79' lang='grc' dir='ltr'>δόσει</span> <span class='ocrx_word' id='word_1_86' title='bbox 93 1596 247 1676; x_wconf 73' lang='grc' dir='ltr'>χρημάτων,</span> <span class='ocrx_word' id='word_1_87' title='bbox 264 1592 417 1673; x_wconf 86' lang='grc' dir='ltr'>βαλανείων,</span> <span class='ocrx_word' id='word_1_88' title='bbox 431 1593 543 1673; x_wconf 87' lang='grc' dir='ltr'>θεάτροιν</span> <span class='ocrx_word' id='word_1_89' title='bbox 554 1616 583 1651; x_wconf 91' lang='grc' dir='ltr'><strong>τε</strong></span> <span class='ocrx_word' id='word_1_90' title='bbox 598 1593 690 1651; x_wconf 84' lang='grc' dir='ltr'>άλλοτε</span> <span class='ocrx_word' id='word_1_91' title='bbox 706 1615 787 1650; x_wconf 89' lang='grc' dir='ltr'>κατα-</span> 
     </span>
     <span class='ocr_line' id='line_1_14' title="bbox 27 1674 787 1753; baseline -0.003 -12"><span class='ocrx_word' id='word_1_92' title='bbox 27 1693 128 1751; x_wconf 87' lang='grc' dir='ltr'>σκευαῖς·</span> <span class='ocrx_word' id='word_1_93' title='bbox 140 1684 212 1741; x_wconf 84' lang='grc' dir='ltr'>ἔστιν</span> <span class='ocrx_word' id='word_1_94' title='bbox 225 1674 267 1747; x_wconf 79' lang='grc' dir='ltr'><strong>αἷς</strong></span> <span class='ocrx_word' id='word_1_95' title='bbox 276 1678 350 1746; x_wconf 84' lang='grc' dir='ltr'>ναοθς</span> <span class='ocrx_word' id='word_1_96' title='bbox 365 1679 503 1753; x_wconf 78' lang='grc' dir='ltr'>ἀνέστησε,</span> <span class='ocrx_word' id='word_1_97' title='bbox 520 1680 596 1746; x_wconf 87' lang='grc' dir='ltr'>στοδις</span> <span class='ocrx_word' id='word_1_98' title='bbox 610 1680 714 1747; x_wconf 69' lang='lat' dir='ltr'><strong>alitae,</strong></span> <span class='ocrx_word' id='word_1_99' title='bbox 729 1682 787 1739; x_wconf 82' lang='grc' dir='ltr'>ἀλλ’</span> 
     </span>
     <span class='ocr_line' id='line_1_15' title="bbox 27 1764 788 1847; baseline -0.009 -19"><span class='ocrx_word' id='word_1_100' title='bbox 27 1771 142 1831; x_wconf 84' lang='grc' dir='ltr'>Ἰουδαίων</span> <span class='ocrx_word' id='word_1_101' title='bbox 150 1770 276 1847; x_wconf 77' lang='grc' dir='ltr'>οὐδεμίαν</span> <span class='ocrx_word' id='word_1_102' title='bbox 283 1766 357 1825; x_wconf 76' lang='grc' dir='ltr'>πολιν</span> <span class='ocrx_word' id='word_1_103' title='bbox 362 1767 419 1827; x_wconf 75' lang='grc' dir='ltr'>οὐδὲ</span> <span class='ocrx_word' id='word_1_104' title='bbox 429 1766 517 1845; x_wconf 80' lang='grc' dir='ltr'>ὀλίγης</span> <span class='ocrx_word' id='word_1_105' title='bbox 524 1768 661 1837; x_wconf 77' lang='grc' dir='ltr'>ἐπισκευῆς</span> <span class='ocrx_word' id='word_1_106' title='bbox 670 1764 788 1836; x_wconf 73' lang='grc' dir='ltr'>ἠξίωσεν,</span> 
     </span>
     <span class='ocr_line' id='line_1_16' title="bbox 29 1851 790 1934; baseline -0.007 -19"><span class='ocrx_word' id='word_1_107' title='bbox 29 1858 76 1916; x_wconf 70' lang='lat' dir='ltr'><strong>otti</strong></span> <span class='ocrx_word' id='word_1_108' title='bbox 87 1858 178 1924; x_wconf 81' lang='grc' dir='ltr'>δόσεως</span> <span class='ocrx_word' id='word_1_109' title='bbox 189 1856 264 1925; x_wconf 81' lang='grc' dir='ltr'>ἀξίας</span> <span class='ocrx_word' id='word_1_110' title='bbox 279 1858 495 1931; x_wconf 79' lang='grc' dir='ltr'>μνημονευθῆναι.</span> <span class='ocrx_word' id='word_1_111' title='bbox 527 1853 617 1933; x_wconf 81' lang='grc' dir='ltr'>Ηραθς</span> <span class='ocrx_word' id='word_1_112' title='bbox 630 1851 682 1911; x_wconf 81' lang='grc' dir='ltr'>δέό</span> <span class='ocrx_word' id='word_1_113' title='bbox 697 1852 790 1934; x_wconf 85' lang='grc' dir='ltr'>τρόπος</span> 
     </span>
     <span class='ocr_line' id='line_1_17' title="bbox 28 1938 789 2024; baseline -0.005 -23"><span class='ocrx_word' id='word_1_114' title='bbox 28 1944 161 2024; x_wconf 75' lang='grc' dir='ltr'>Ἀγρίππα,</span> <span class='ocrx_word' id='word_1_115' title='bbox 187 1942 234 2001; x_wconf 80' lang='grc' dir='ltr'><strong>καὶ</strong></span> <span class='ocrx_word' id='word_1_116' title='bbox 257 1965 279 2000; x_wconf 89' lang='grc' dir='ltr'><strong>π</strong></span> <span class='ocrx_word' id='word_1_117' title='bbox 296 1942 323 2008; x_wconf 69' lang='grc' dir='ltr'>’ς</span> <span class='ocrx_word' id='word_1_118' title='bbox 342 1941 441 2007; x_wconf 88' lang='grc' dir='ltr'>πάντας</span> <span class='ocrx_word' id='word_1_119' title='bbox 461 1940 490 1998; x_wconf 87' lang='grc' dir='ltr'><strong>τδ</strong></span> <span class='ocrx_word' id='word_1_120' title='bbox 513 1939 671 2019; x_wconf 87' lang='grc' dir='ltr'>εθεργετικδν</span> <span class='ocrx_word' id='word_1_121' title='bbox 692 1938 789 2015; x_wconf 85' lang='grc' dir='ltr'>δμοεον.</span> 
     </span>
     <span class='ocr_line' id='line_1_18' title="bbox 28 2022 791 2109; baseline -0.008 -20"><span class='ocrx_word' id='word_1_122' title='bbox 28 2034 80 2097; x_wconf 83' lang='grc' dir='ltr'>Τοῖς</span> <span class='ocrx_word' id='word_1_123' title='bbox 94 2030 256 2091; x_wconf 71' lang='grc' dir='ltr'>ἀλλοεθνέσιν</span> <span class='ocrx_word' id='word_1_124' title='bbox 277 2054 308 2101; x_wconf 89' lang='grc' dir='ltr'><strong>ην</strong></span> <span class='ocrx_word' id='word_1_125' title='bbox 326 2029 518 2109; x_wconf 90' lang='grc' dir='ltr'>φιλάνθρωπος,</span> <span class='ocrx_word' id='word_1_126' title='bbox 529 2026 657 2095; x_wconf 87' lang='grc' dir='ltr'>κάκείνοις</span> <span class='ocrx_word' id='word_1_127' title='bbox 667 2022 791 2084; x_wconf 87' lang='grc' dir='ltr'>ἐνδεικνύ·</span> 
     </span>
     <span class='ocr_line' id='line_1_19' title="bbox 30 2111 791 2200; baseline -0.003 -27"><span class='ocrx_word' id='word_1_128' title='bbox 30 2141 91 2193; x_wconf 81' lang='grc' dir='ltr'>μενος</span> <span class='ocrx_word' id='word_1_129' title='bbox 100 2119 128 2176; x_wconf 85' lang='grc' dir='ltr'><strong>τὸ</strong></span> <span class='ocrx_word' id='word_1_130' title='bbox 138 2118 291 2200; x_wconf 85' lang='grc' dir='ltr'>φιλόδωρον,</span> <span class='ocrx_word' id='word_1_131' title='bbox 305 2124 357 2182; x_wconf 88' lang='grc' dir='ltr'>τοῖς</span> <span class='ocrx_word' id='word_1_132' title='bbox 369 2114 506 2194; x_wconf 79' lang='grc' dir='ltr'>ὁμοφύλοις</span> <span class='ocrx_word' id='word_1_133' title='bbox 520 2113 652 2191; x_wconf 85' lang='grc' dir='ltr'>ἀναλόγως</span> <span class='ocrx_word' id='word_1_134' title='bbox 665 2111 791 2193; x_wconf 79' lang='grc' dir='ltr'>χρηστός,</span> 
     </span>
     <span class='ocr_line' id='line_1_20' title="bbox 30 2199 792 2281; baseline -0.009 -18"><span class='ocrx_word' id='word_1_135' title='bbox 30 2206 67 2263; x_wconf 77' lang='grc' dir='ltr'><strong>καί</strong></span> <span class='ocrx_word' id='word_1_136' title='bbox 81 2206 217 2281; x_wconf 80' lang='grc' dir='ltr'>συμπαθής</span> <span class='ocrx_word' id='word_1_137' title='bbox 231 2206 343 2281; x_wconf 66' lang='grc' dir='ltr'>μᾶλλον.</span> <span class='ocrx_word' id='word_1_138' title='bbox 386 2202 477 2263; x_wconf 87' lang='grc' dir='ltr'>Ἡδεῖα</span> <span class='ocrx_word' id='word_1_139' title='bbox 490 2208 550 2281; x_wconf 77' lang='grc' dir='ltr'>γοῦν</span> <span class='ocrx_word' id='word_1_140' title='bbox 566 2204 636 2280; x_wconf 79' lang='grc' dir='ltr'>αὐτῷ</span> <span class='ocrx_word' id='word_1_141' title='bbox 649 2201 735 2259; x_wconf 85' lang='grc' dir='ltr'>δίαιτα</span> <span class='ocrx_word' id='word_1_142' title='bbox 747 2199 792 2257; x_wconf 81' lang='grc' dir='ltr'><strong>καὶ</strong></span> 
     </span>
     <span class='ocr_line' id='line_1_21' title="bbox 32 2282 793 2371; baseline -0.008 -22"><span class='ocrx_word' id='word_1_143' title='bbox 32 2292 126 2371; x_wconf 74' lang='grc' dir='ltr'>ουνεχλς</span> <span class='ocrx_word' id='word_1_144' title='bbox 138 2296 163 2351; x_wconf 88' lang='grc' dir='ltr'><strong>ἐν</strong></span> <span class='ocrx_word' id='word_1_145' title='bbox 175 2294 230 2359; x_wconf 84' lang='grc' dir='ltr'>τοῖς</span> <span class='ocrx_word' id='word_1_146' title='bbox 244 2288 432 2369; x_wconf 87' lang='grc' dir='ltr'>Ἱεροσολύμοις</span> <span class='ocrx_word' id='word_1_147' title='bbox 443 2282 484 2361; x_wconf 80' lang='grc' dir='ltr'><strong>ῆν,</strong></span> <span class='ocrx_word' id='word_1_148' title='bbox 500 2290 545 2347; x_wconf 80' lang='grc' dir='ltr'><strong>καὶ</strong></span> <span class='ocrx_word' id='word_1_149' title='bbox 556 2286 589 2347; x_wconf 77' lang='grc' dir='ltr'><strong>τά</strong></span> <span class='ocrx_word' id='word_1_150' title='bbox 600 2288 697 2367; x_wconf 90' lang='grc' dir='ltr'>πάτρια</span> <span class='ocrx_word' id='word_1_151' title='bbox 709 2291 793 2345; x_wconf 90' lang='grc' dir='ltr'>καθα-</span> 
     </span>
     <span class='ocr_line' id='line_1_22' title="bbox 33 2367 792 2459; baseline -0.011 -21"><span class='ocrx_word' id='word_1_152' title='bbox 33 2384 72 2457; x_wconf 77' lang='grc' dir='ltr'><strong>ρῶς</strong></span> <span class='ocrx_word' id='word_1_153' title='bbox 93 2380 185 2459; x_wconf 82' lang='grc' dir='ltr'>ἐτήρει.</span> <span class='ocrx_word' id='word_1_154' title='bbox 228 2377 281 2441; x_wconf 81' lang='grc' dir='ltr'><strong>Διά</strong></span> <span class='ocrx_word' id='word_1_155' title='bbox 303 2378 389 2448; x_wconf 87' lang='grc' dir='ltr'>πάσης</span> <span class='ocrx_word' id='word_1_156' title='bbox 409 2382 469 2453; x_wconf 74' lang='grc' dir='ltr'>γοῦν</span> <span class='ocrx_word' id='word_1_157' title='bbox 490 2375 567 2435; x_wconf 67' lang='lat' dir='ltr'><strong>ababa</strong></span> <span class='ocrx_word' id='word_1_158' title='bbox 590 2367 651 2453; x_wconf 78' lang='grc' dir='ltr'>ήγεν</span> <span class='ocrx_word' id='word_1_159' title='bbox 675 2373 792 2450; x_wconf 78' lang='grc' dir='ltr'>ἀγνοίας,</span> 
     </span>
     <span class='ocr_line' id='line_1_23' title="bbox 33 2460 751 2547; baseline -0.003 -27"><span class='ocrx_word' id='word_1_160' title='bbox 33 2464 80 2523; x_wconf 72' lang='lat' dir='ltr'><strong>alti</strong></span> <span class='ocrx_word' id='word_1_161' title='bbox 90 2466 173 2547; x_wconf 81' lang='grc' dir='ltr'>ῆμέρα</span> <span class='ocrx_word' id='word_1_162' title='bbox 188 2490 227 2533; x_wconf 86' lang='grc' dir='ltr'><strong>τις</strong></span> <span class='ocrx_word' id='word_1_163' title='bbox 241 2464 391 2543; x_wconf 80' lang='grc' dir='ltr'>παρώδευεν</span> <span class='ocrx_word' id='word_1_164' title='bbox 407 2467 479 2543; x_wconf 80' lang='grc' dir='ltr'>αὐτῷ</span> <span class='ocrx_word' id='word_1_165' title='bbox 490 2462 639 2542; x_wconf 83' lang='grc' dir='ltr'>χηρεύουσα</span> <span class='ocrx_word' id='word_1_166' title='bbox 653 2460 751 2528; x_wconf 87' lang='grc' dir='ltr'>θυσίας.</span> 
     </span>
    </p>

    <p class='ocr_par' dir='ltr' id='par_1_4' title="bbox 23 2545 795 2979">
     <span class='ocr_line' id='line_1_24' title="bbox 65 2545 791 2629; baseline -0.006 -22"><span class='ocrx_word' id='word_1_167' title='bbox 65 2552 93 2608; x_wconf 74' lang='grc' dir='ltr'>δ’.</span> <span class='ocrx_word' id='word_1_168' title='bbox 118 2554 167 2611; x_wconf 76' lang='grc' dir='ltr'><strong>Καὶ</strong></span> <span class='ocrx_word' id='word_1_169' title='bbox 182 2552 215 2621; x_wconf 93' lang='grc' dir='ltr'><strong>δή</strong></span> <span class='ocrx_word' id='word_1_170' title='bbox 229 2576 268 2617; x_wconf 88' lang='grc' dir='ltr'><strong>τις</strong></span> <span class='ocrx_word' id='word_1_171' title='bbox 279 2554 304 2609; x_wconf 78' lang='grc' dir='ltr'><strong>δν</strong></span> <span class='ocrx_word' id='word_1_172' title='bbox 318 2555 369 2617; x_wconf 91' lang='grc' dir='ltr'>τοῖς</span> <span class='ocrx_word' id='word_1_173' title='bbox 382 2549 570 2629; x_wconf 86' lang='grc' dir='ltr'>Ἱεροσολύμοις</span> <span class='ocrx_word' id='word_1_174' title='bbox 580 2548 644 2623; x_wconf 79' lang='grc' dir='ltr'>ἀνὴρ</span> <span class='ocrx_word' id='word_1_175' title='bbox 655 2545 791 2627; x_wconf 70' lang='grc' dir='ltr'>ἐπιχώριος</span> 
     </span>
     <span class='ocr_line' id='line_1_25' title="bbox 35 2628 793 2717; baseline -0.003 -24"><span class='ocrx_word' id='word_1_176' title='bbox 35 2636 192 2717; x_wconf 77' lang='grc' dir='ltr'>ἐξακριθάζειν</span> <span class='ocrx_word' id='word_1_177' title='bbox 203 2642 287 2699; x_wconf 82' lang='grc' dir='ltr'>δοκῶν</span> <span class='ocrx_word' id='word_1_178' title='bbox 296 2636 329 2696; x_wconf 80' lang='grc' dir='ltr'>τά</span> <span class='ocrx_word' id='word_1_179' title='bbox 341 2637 438 2714; x_wconf 87' lang='grc' dir='ltr'>νόμιμα</span> <span class='ocrx_word' id='word_1_180' title='bbox 455 2636 553 2716; x_wconf 86' lang='grc' dir='ltr'>(Σίμων</span> <span class='ocrx_word' id='word_1_181' title='bbox 564 2628 595 2708; x_wconf 74' lang='grc' dir='ltr'><strong>ῆν</strong></span> <span class='ocrx_word' id='word_1_182' title='bbox 605 2635 685 2712; x_wconf 83' lang='grc' dir='ltr'>ὄνομα</span> <span class='ocrx_word' id='word_1_183' title='bbox 693 2632 793 2713; x_wconf 74' lang='grc' dir='ltr'>τούτῳ)</span> 
     </span>
     <span class='ocr_line' id='line_1_26' title="bbox 23 2720 794 2802; baseline -0.008 -17"><span class='ocrx_word' id='word_1_184' title='bbox 23 2728 116 2793; x_wconf 62' lang='grc' dir='ltr'>,πλῆθος</span> <span class='ocrx_word' id='word_1_185' title='bbox 130 2730 164 2793; x_wconf 84' lang='grc' dir='ltr'><strong>είς</strong></span> <span class='ocrx_word' id='word_1_186' title='bbox 177 2725 321 2798; x_wconf 79' lang='grc' dir='ltr'>ἐκκλησίαν</span> <span class='ocrx_word' id='word_1_187' title='bbox 342 2724 449 2797; x_wconf 78' lang='grc' dir='ltr'>ἁλίσας,</span> <span class='ocrx_word' id='word_1_188' title='bbox 464 2724 585 2796; x_wconf 78' lang='grc' dir='ltr'>τηνικάδε</span> <span class='ocrx_word' id='word_1_189' title='bbox 605 2730 649 2782; x_wconf 84' lang='grc' dir='ltr'><strong>τοῦ</strong></span> <span class='ocrx_word' id='word_1_190' title='bbox 668 2720 794 2802; x_wconf 81' lang='grc' dir='ltr'>βασιλέως</span> 
     </span>
     <span class='ocr_line' id='line_1_27' title="bbox 35 2810 795 2893; baseline -0.001 -27"><span class='ocrx_word' id='word_1_191' title='bbox 35 2814 63 2877; x_wconf 86' lang='grc' dir='ltr'><strong>εἰς</strong></span> <span class='ocrx_word' id='word_1_192' title='bbox 72 2816 229 2893; x_wconf 81' lang='grc' dir='ltr'>Καισάρειαν</span> <span class='ocrx_word' id='word_1_193' title='bbox 242 2812 458 2888; x_wconf 78' lang='grc' dir='ltr'>ἐκδεδημηκότος,</span> <span class='ocrx_word' id='word_1_194' title='bbox 472 2810 613 2888; x_wconf 83' lang='grc' dir='ltr'>ἐτόλμησεν</span> <span class='ocrx_word' id='word_1_195' title='bbox 624 2814 703 2869; x_wconf 82' lang='grc' dir='ltr'>αὐτοῦ</span> <span class='ocrx_word' id='word_1_196' title='bbox 712 2832 795 2867; x_wconf 84' lang='grc' dir='ltr'>κατει·</span> 
     </span>
     <span class='ocr_line' id='line_1_28' title="bbox 35 2893 795 2979; baseline 0.003 -28"><span class='ocrx_word' id='word_1_197' title='bbox 35 2893 82 2953; x_wconf 82' lang='grc' dir='ltr'>πεῖν</span> <span class='ocrx_word' id='word_1_198' title='bbox 92 2904 124 2963; x_wconf 72' lang='lat' dir='ltr'><strong>tn</strong></span> <span class='ocrx_word' id='word_1_199' title='bbox 138 2903 186 2979; x_wconf 74' lang='grc' dir='ltr'><strong>οὐχ</strong></span> <span class='ocrx_word' id='word_1_200' title='bbox 201 2898 271 2965; x_wconf 81' lang='grc' dir='ltr'>δ’σιος</span> <span class='ocrx_word' id='word_1_201' title='bbox 282 2898 321 2969; x_wconf 84' lang='grc' dir='ltr'><strong>είη</strong></span> <span class='ocrx_word' id='word_1_202' title='bbox 332 2944 339 2971; x_wconf 86' lang='grc'>,</span> <span class='ocrx_word' id='word_1_203' title='bbox 352 2898 456 2963; x_wconf 88' lang='grc' dir='ltr'>δικαίως</span> <span class='ocrx_word' id='word_1_204' title='bbox 470 2900 493 2955; x_wconf 84' lang='grc' dir='ltr'><strong>δ’</strong></span> <span class='ocrx_word' id='word_1_205' title='bbox 511 2898 540 2956; x_wconf 81' lang='grc' dir='ltr'><strong>ἀν</strong></span> <span class='ocrx_word' id='word_1_206' title='bbox 556 2898 665 2979; x_wconf 90' lang='grc' dir='ltr'>είργοιτο</span> <span class='ocrx_word' id='word_1_207' title='bbox 678 2902 722 2957; x_wconf 76' lang='grc' dir='ltr'><strong>τοῦ</strong></span> <span class='ocrx_word' id='word_1_208' title='bbox 733 2902 795 2955; x_wconf 79' lang='grc' dir='ltr'>ναοῦ</span> 
     </span>
    </p>
   </div>
   <div class='ocr_carea' id='block_1_3' title="bbox 461 510 1094 584">
    <p class='ocr_par' dir='ltr' id='par_1_5' title="bbox 461 510 1094 584">
     <span class='ocr_line' id='line_1_29' title="bbox 461 510 1094 584; baseline -0.003 -13"><span class='ocrx_word' id='word_1_209' title='bbox 461 511 609 584; x_wconf 54' lang='lat' dir='ltr'><strong>,iuste</strong></span> <span class='ocrx_word' id='word_1_210' title='bbox 632 510 710 569; x_wconf 82' lang='lat' dir='ltr'><strong>till).</strong></span> <span class='ocrx_word' id='word_1_211' title='bbox 735 510 803 571; x_wconf 83' lang='lat' dir='ltr'><strong>bib.</strong></span> <span class='ocrx_word' id='word_1_212' title='bbox 823 511 900 571; x_wconf 72' lang='lat' dir='ltr'><strong>xlia</strong></span> <span class='ocrx_word' id='word_1_213' title='bbox 924 512 1006 571; x_wconf 74' lang='lat' dir='ltr'><strong>CAP.</strong></span> <span class='ocrx_word' id='word_1_214' title='bbox 1031 512 1094 569; x_wconf 85' lang='lat' dir='ltr'><strong>vtl.</strong></span> 
     </span>
    </p>
   </div>
   <div class='ocr_carea' id='block_1_4' title="bbox 899 430 917 459">
    <p class='ocr_par' dir='ltr' id='par_1_6' title="bbox 899 430 917 459">
     <span class='ocr_line' id='line_1_30' title="bbox 899 430 917 459; baseline 0 -2"><span class='ocrx_word' id='word_1_215' title='bbox 899 430 917 459; x_wconf 68' lang='grc' dir='ltr'>Ο</span> 
     </span>
    </p>
   </div>
   <div class='ocr_carea' id='block_1_5' title="bbox 1363 508 1603 586">
    <p class='ocr_par' dir='ltr' id='par_1_7' title="bbox 1363 508 1603 586">
     <span class='ocr_line' id='line_1_31' title="bbox 1363 508 1603 586; baseline 0 -17"><span class='ocrx_word' id='word_1_216' title='bbox 1363 508 1490 586; x_wconf 63' lang='lat' dir='ltr'><strong>[amera]</strong></span> <span class='ocrx_word' id='word_1_217' title='bbox 1547 520 1603 569; x_wconf 71' lang='lat' dir='ltr'><strong>ltili</strong></span> 
     </span>
    </p>
   </div>
   <div class='ocr_carea' id='block_1_6' title="bbox 828 642 1601 785">
    <p class='ocr_par' dir='ltr' id='par_1_8' title="bbox 828 642 1601 785">
     <span class='ocr_line' id='line_1_32' title="bbox 828 642 1601 705; baseline -0.005 -8"><span class='ocrx_word' id='word_1_218' title='bbox 828 648 908 697; x_wconf 85' lang='lat' dir='ltr'><strong>statim</strong></span> <span class='ocrx_word' id='word_1_219' title='bbox 919 652 945 697; x_wconf 87' lang='lat' dir='ltr'><strong>nt</strong></span> <span class='ocrx_word' id='word_1_220' title='bbox 956 662 971 696; x_wconf 90' lang='lat' dir='ltr'><strong>a</strong></span> <span class='ocrx_word' id='word_1_221' title='bbox 983 648 1100 697; x_wconf 71' lang='lat' dir='ltr'><strong>mnibus</strong></span> <span class='ocrx_word' id='word_1_222' title='bbox 1110 644 1255 697; x_wconf 74' lang='lat' dir='ltr'><strong>maiitiearuiis</strong></span> <span class='ocrx_word' id='word_1_223' title='bbox 1265 644 1389 695; x_wconf 68' lang='lat' dir='ltr'><strong>desisteret</strong></span> <span class='ocrx_word' id='word_1_224' title='bbox 1399 664 1406 692; x_wconf 74' lang='grc' dir='ltr'><strong>ε</strong></span> <span class='ocrx_word' id='word_1_225' title='bbox 1416 646 1489 705; x_wconf 86' lang='lat' dir='ltr'><strong>atque</strong></span> <span class='ocrx_word' id='word_1_226' title='bbox 1500 642 1541 691; x_wconf 90' lang='lat' dir='ltr'><strong>ilie</strong></span> <span class='ocrx_word' id='word_1_227' title='bbox 1552 656 1601 693; x_wconf 90' lang='lat' dir='ltr'><strong>uon</strong></span> 
     </span>
     <span class='ocr_line' id='line_1_33' title="bbox 828 731 1461 785; baseline -0.008 -2"><span class='ocrx_word' id='word_1_228' title='bbox 828 731 1461 785; x_wconf 81' lang='lat' dir='ltr'><strong>mmmittendnmeaaeeeoanituldietonooaurb&#39;ret.</strong></span> 
     </span>
    </p>
   </div>
   <div class='ocr_carea' id='block_1_7' title="bbox 828 816 1632 2483">
    <p class='ocr_par' dir='ltr' id='par_1_9' title="bbox 828 816 1632 2483">
     <span class='ocr_line' id='line_1_34' title="bbox 860 816 1604 871; baseline -0.008 -1"><span class='ocrx_word' id='word_1_229' title='bbox 860 830 883 871; x_wconf 76' lang='grc'><strong>3.</strong></span> <span class='ocrx_word' id='word_1_230' title='bbox 900 825 955 870; x_wconf 76' lang='lat' dir='ltr'><strong>liral</strong></span> <span class='ocrx_word' id='word_1_231' title='bbox 970 826 1050 870; x_wconf 84' lang='lat' dir='ltr'><strong>autern</strong></span> <span class='ocrx_word' id='word_1_232' title='bbox 1065 835 1106 869; x_wconf 85' lang='lat' dir='ltr'><strong>rex</strong></span> <span class='ocrx_word' id='word_1_233' title='bbox 1117 820 1161 869; x_wconf 82' lang='lat' dir='ltr'><strong>iate</strong></span> <span class='ocrx_word' id='word_1_234' title='bbox 1173 834 1186 869; x_wconf 90' lang='lat' dir='ltr'><strong>a</strong></span> <span class='ocrx_word' id='word_1_235' title='bbox 1197 824 1281 867; x_wconf 88' lang='lat' dir='ltr'><strong>natura</strong></span> <span class='ocrx_word' id='word_1_236' title='bbox 1294 821 1327 866; x_wconf 89' lang='lat' dir='ltr'><strong>ita</strong></span> <span class='ocrx_word' id='word_1_237' title='bbox 1339 818 1415 867; x_wconf 84' lang='lat' dir='ltr'><strong>iactus</strong></span> <span class='ocrx_word' id='word_1_238' title='bbox 1426 822 1453 865; x_wconf 93' lang='lat' dir='ltr'><strong>ut</strong></span> <span class='ocrx_word' id='word_1_239' title='bbox 1464 816 1604 865; x_wconf 82' lang='lat' dir='ltr'><strong>muneribus</strong></span> 
     </span>
     <span class='ocr_line' id='line_1_35' title="bbox 828 892 1599 958; baseline -0.008 -11"><span class='ocrx_word' id='word_1_240' title='bbox 828 898 933 947; x_wconf 75' lang='lat' dir='ltr'><strong>studeret</strong></span> <span class='ocrx_word' id='word_1_241' title='bbox 948 910 1002 946; x_wconf 78' lang='lat' dir='ltr'><strong>eoae</strong></span> <span class='ocrx_word' id='word_1_242' title='bbox 1016 897 1153 955; x_wconf 83' lang='lat' dir='ltr'><strong>benetieua,</strong></span> <span class='ocrx_word' id='word_1_243' title='bbox 1171 901 1196 945; x_wconf 91' lang='lat' dir='ltr'><strong>et</strong></span> <span class='ocrx_word' id='word_1_244' title='bbox 1212 894 1312 958; x_wconf 88' lang='lat' dir='ltr'><strong>populos</strong></span> <span class='ocrx_word' id='word_1_245' title='bbox 1328 894 1467 943; x_wconf 70' lang='lat' dir='ltr'><strong>liberalitate</strong></span> <span class='ocrx_word' id='word_1_246' title='bbox 1482 892 1599 942; x_wconf 80' lang='lat' dir='ltr'>demereri</span> 
     </span>
     <span class='ocr_line' id='line_1_36' title="bbox 829 969 1605 1037; baseline -0.005 -16"><span class='ocrx_word' id='word_1_247' title='bbox 829 987 971 1037; x_wconf 79' lang='lat' dir='ltr'><strong>magnopere</strong></span> <span class='ocrx_word' id='word_1_248' title='bbox 978 973 1132 1031; x_wconf 74' lang='lat' dir='ltr'><strong>desideraret,</strong></span> <span class='ocrx_word' id='word_1_249' title='bbox 1140 975 1165 1022; x_wconf 87' lang='lat' dir='ltr'><strong>et</strong></span> <span class='ocrx_word' id='word_1_250' title='bbox 1173 972 1236 1031; x_wconf 86' lang='lat' dir='ltr'><strong>large</strong></span> <span class='ocrx_word' id='word_1_251' title='bbox 1243 971 1367 1031; x_wconf 72' lang='lat' dir='ltr'>effuseque</span> <span class='ocrx_word' id='word_1_252' title='bbox 1378 974 1489 1031; x_wconf 89' lang='lat' dir='ltr'><strong>sumptus</strong></span> <span class='ocrx_word' id='word_1_253' title='bbox 1498 969 1605 1019; x_wconf 87' lang='lat' dir='ltr'><strong>iaciendo</strong></span> 
     </span>
     <span class='ocr_line' id='line_1_37' title="bbox 829 1046 1603 1111; baseline -0.006 -14"><span class='ocrx_word' id='word_1_254' title='bbox 829 1050 873 1097; x_wconf 84' lang='lat' dir='ltr'><strong>sibi</strong></span> <span class='ocrx_word' id='word_1_255' title='bbox 882 1050 1081 1111; x_wconf 86' lang='lat' dir='ltr'><strong>pararetnomiuia</strong></span> <span class='ocrx_word' id='word_1_256' title='bbox 1087 1048 1255 1107; x_wconf 83' lang='lat' dir='ltr'><strong>celebritatem,</strong></span> <span class='ocrx_word' id='word_1_257' title='bbox 1262 1046 1339 1095; x_wconf 89' lang='lat' dir='ltr'><strong>dando</strong></span> <span class='ocrx_word' id='word_1_258' title='bbox 1347 1046 1493 1109; x_wconf 76' lang='lat' dir='ltr'><strong>uoluptatem</strong></span> <span class='ocrx_word' id='word_1_259' title='bbox 1498 1046 1603 1108; x_wconf 82' lang='lat' dir='ltr'><strong>capiens,</strong></span> 
     </span>
     <span class='ocr_line' id='line_1_38' title="bbox 829 1122 1601 1187; baseline -0.003 -14"><span class='ocrx_word' id='word_1_260' title='bbox 829 1126 982 1187; x_wconf 84' lang='lat' dir='ltr'><strong>gaudensque</strong></span> <span class='ocrx_word' id='word_1_261' title='bbox 990 1126 1023 1173; x_wconf 92' lang='lat' dir='ltr'><strong>ita</strong></span> <span class='ocrx_word' id='word_1_262' title='bbox 1030 1126 1177 1185; x_wconf 86' lang='lat' dir='ltr'><strong>vilamagere</strong></span> <span class='ocrx_word' id='word_1_263' title='bbox 1187 1128 1213 1173; x_wconf 90' lang='lat' dir='ltr'><strong>ut</strong></span> <span class='ocrx_word' id='word_1_264' title='bbox 1221 1123 1368 1173; x_wconf 83' lang='lat' dir='ltr'><strong>abomnibna</strong></span> <span class='ocrx_word' id='word_1_265' title='bbox 1374 1122 1550 1185; x_wconf 79' lang='lat' dir='ltr'><strong>praedicaretur,</strong></span> <span class='ocrx_word' id='word_1_266' title='bbox 1561 1125 1601 1171; x_wconf 86' lang='lat' dir='ltr'><strong>lle</strong></span> 
     </span>
     <span class='ocr_line' id='line_1_39' title="bbox 831 1198 1604 1262; baseline -0.003 -13"><span class='ocrx_word' id='word_1_267' title='bbox 831 1202 907 1259; x_wconf 84' lang='lat' dir='ltr'><strong>rodis,</strong></span> <span class='ocrx_word' id='word_1_268' title='bbox 920 1202 959 1262; x_wconf 92' lang='lat' dir='ltr'><strong>qni</strong></span> <span class='ocrx_word' id='word_1_269' title='bbox 971 1204 1027 1250; x_wconf 86' lang='lat' dir='ltr'><strong>ante</strong></span> <span class='ocrx_word' id='word_1_270' title='bbox 1036 1214 1092 1249; x_wconf 81' lang='lat' dir='ltr'><strong>euni</strong></span> <span class='ocrx_word' id='word_1_271' title='bbox 1107 1204 1259 1261; x_wconf 84' lang='lat' dir='ltr'><strong>regnaverat,</strong></span> <span class='ocrx_word' id='word_1_272' title='bbox 1269 1200 1375 1248; x_wconf 84' lang='lat' dir='ltr'><strong>moribus</strong></span> <span class='ocrx_word' id='word_1_273' title='bbox 1390 1200 1459 1261; x_wconf 87' lang='lat' dir='ltr'><strong>plane</strong></span> <span class='ocrx_word' id='word_1_274' title='bbox 1472 1198 1604 1247; x_wconf 82' lang='lat' dir='ltr'><strong>dissimilia.</strong></span> 
     </span>
     <span class='ocr_line' id='line_1_40' title="bbox 831 1276 1606 1338; baseline -0.004 -12"><span class='ocrx_word' id='word_1_275' title='bbox 831 1281 891 1327; x_wconf 83' lang='lat' dir='ltr'><strong>Nam</strong></span> <span class='ocrx_word' id='word_1_276' title='bbox 903 1276 958 1325; x_wconf 87' lang='lat' dir='ltr'><strong>bule</strong></span> <span class='ocrx_word' id='word_1_277' title='bbox 972 1280 1055 1326; x_wconf 86' lang='lat' dir='ltr'><strong>natura</strong></span> <span class='ocrx_word' id='word_1_278' title='bbox 1068 1280 1119 1325; x_wconf 81' lang='lat' dir='ltr'><strong>erat</strong></span> <span class='ocrx_word' id='word_1_279' title='bbox 1132 1290 1205 1338; x_wconf 88' lang='lat' dir='ltr'><strong>prona</strong></span> <span class='ocrx_word' id='word_1_280' title='bbox 1216 1276 1245 1325; x_wconf 86' lang='lat' dir='ltr'><strong>ad</strong></span> <span class='ocrx_word' id='word_1_281' title='bbox 1258 1277 1372 1325; x_wconf 88' lang='lat' dir='ltr'><strong>ultionem</strong></span> <span class='ocrx_word' id='word_1_282' title='bbox 1384 1280 1408 1325; x_wconf 92' lang='lat' dir='ltr'><strong>et</strong></span> <span class='ocrx_word' id='word_1_283' title='bbox 1421 1276 1445 1324; x_wconf 92' lang='lat' dir='ltr'><strong>in</strong></span> <span class='ocrx_word' id='word_1_284' title='bbox 1456 1288 1484 1324; x_wconf 88' lang='lat' dir='ltr'><strong>ea</strong></span> <span class='ocrx_word' id='word_1_285' title='bbox 1496 1276 1606 1325; x_wconf 86' lang='lat' dir='ltr'><strong>inexora-</strong></span> 
     </span>
     <span class='ocr_line' id='line_1_41' title="bbox 831 1353 1605 1418; baseline -0.003 -13"><span class='ocrx_word' id='word_1_286' title='bbox 831 1356 898 1415; x_wconf 82' lang='lat' dir='ltr'><strong>bilia,</strong></span> <span class='ocrx_word' id='word_1_287' title='bbox 912 1360 938 1403; x_wconf 88' lang='lat' dir='ltr'><strong>ut</strong></span> <span class='ocrx_word' id='word_1_288' title='bbox 953 1356 1029 1418; x_wconf 91' lang='lat' dir='ltr'><strong>quiin</strong></span> <span class='ocrx_word' id='word_1_289' title='bbox 1041 1354 1155 1405; x_wconf 85' lang='lat' dir='ltr'><strong>vexandis</strong></span> <span class='ocrx_word' id='word_1_290' title='bbox 1165 1368 1226 1417; x_wconf 88' lang='lat' dir='ltr'><strong>quoa</strong></span> <span class='ocrx_word' id='word_1_291' title='bbox 1238 1354 1340 1403; x_wconf 79' lang='lat' dir='ltr'><strong>babebat</strong></span> <span class='ocrx_word' id='word_1_292' title='bbox 1348 1368 1434 1403; x_wconf 83' lang='lat' dir='ltr'><strong>exosos</strong></span> <span class='ocrx_word' id='word_1_293' title='bbox 1445 1353 1543 1402; x_wconf 87' lang='lat' dir='ltr'><strong>modum</strong></span> <span class='ocrx_word' id='word_1_294' title='bbox 1554 1354 1605 1403; x_wconf 87' lang='grc' dir='ltr'>ιιιιΙ-</span> 
     </span>
     <span class='ocr_line' id='line_1_42' title="bbox 832 1430 1608 1494; baseline -0.003 -13"><span class='ocrx_word' id='word_1_295' title='bbox 832 1434 880 1481; x_wconf 89' lang='lat' dir='ltr'><strong>lum</strong></span> <span class='ocrx_word' id='word_1_296' title='bbox 888 1436 1001 1489; x_wconf 84' lang='lat' dir='ltr'><strong>seruaret,</strong></span> <span class='ocrx_word' id='word_1_297' title='bbox 1009 1433 1099 1494; x_wconf 85' lang='lat' dir='ltr'><strong>quique</strong></span> <span class='ocrx_word' id='word_1_298' title='bbox 1105 1432 1165 1481; x_wconf 85' lang='lat' dir='ltr'><strong>adeo</strong></span> <span class='ocrx_word' id='word_1_299' title='bbox 1175 1433 1287 1481; x_wconf 75' lang='lat' dir='ltr'><strong>toleretur</strong></span> <span class='ocrx_word' id='word_1_300' title='bbox 1295 1432 1410 1493; x_wconf 84' lang='lat' dir='ltr'><strong>majorem</strong></span> <span class='ocrx_word' id='word_1_301' title='bbox 1417 1432 1464 1479; x_wconf 87' lang='lat' dir='ltr'><strong>sibi</strong></span> <span class='ocrx_word' id='word_1_302' title='bbox 1472 1430 1501 1479; x_wconf 90' lang='lat' dir='ltr'><strong>ad</strong></span> <span class='ocrx_word' id='word_1_303' title='bbox 1510 1434 1608 1479; x_wconf 72' lang='lat' dir='ltr'><strong>Graecos</strong></span> 
     </span>
     <span class='ocr_line' id='line_1_43' title="bbox 832 1508 1606 1577; baseline 0 -20"><span class='ocrx_word' id='word_1_304' title='bbox 832 1522 903 1571; x_wconf 90' lang='lat' dir='ltr'><strong>quam</strong></span> <span class='ocrx_word' id='word_1_305' title='bbox 914 1509 943 1556; x_wconf 91' lang='lat' dir='ltr'><strong>ad</strong></span> <span class='ocrx_word' id='word_1_306' title='bbox 953 1512 967 1557; x_wconf 87' lang='lat' dir='ltr'>J</span> <span class='ocrx_word' id='word_1_307' title='bbox 970 1508 1052 1557; x_wconf 79' lang='lat' dir='ltr'><strong>udreos</strong></span> <span class='ocrx_word' id='word_1_308' title='bbox 1060 1522 1113 1557; x_wconf 88' lang='lat' dir='ltr'><strong>ease</strong></span> <span class='ocrx_word' id='word_1_309' title='bbox 1125 1508 1299 1571; x_wconf 81' lang='lat' dir='ltr'><strong>adjunctionem</strong></span> <span class='ocrx_word' id='word_1_310' title='bbox 1310 1524 1316 1555; x_wconf 93' lang='lat'>:</span> <span class='ocrx_word' id='word_1_311' title='bbox 1328 1508 1415 1577; x_wconf 89' lang='lat' dir='ltr'><strong>quippe</strong></span> <span class='ocrx_word' id='word_1_312' title='bbox 1424 1508 1606 1567; x_wconf 72' lang='lat' dir='ltr'><strong>alienigenarum</strong></span> 
     </span>
     <span class='ocr_line' id='line_1_44' title="bbox 833 1584 1605 1649; baseline 0 -16"><span class='ocrx_word' id='word_1_313' title='bbox 833 1586 904 1635; x_wconf 85' lang='lat' dir='ltr'><strong>urbes</strong></span> <span class='ocrx_word' id='word_1_314' title='bbox 915 1586 1021 1649; x_wconf 76' lang='lat' dir='ltr'><strong>pecuniae</strong></span> <span class='ocrx_word' id='word_1_315' title='bbox 1033 1584 1364 1647; x_wconf 80' lang='lat' dir='ltr'><strong>largitionedeeorabat,aliia</strong></span> <span class='ocrx_word' id='word_1_316' title='bbox 1376 1584 1459 1633; x_wconf 84' lang='lat' dir='ltr'><strong>balnea</strong></span> <span class='ocrx_word' id='word_1_317' title='bbox 1470 1587 1495 1633; x_wconf 86' lang='lat' dir='ltr'><strong>et</strong></span> <span class='ocrx_word' id='word_1_318' title='bbox 1504 1586 1605 1644; x_wconf 84' lang='lat' dir='ltr'><strong>tbeatra,</strong></span> 
     </span>
     <span class='ocr_line' id='line_1_45' title="bbox 832 1662 1632 1724; baseline 0.003 -15"><span class='ocrx_word' id='word_1_319' title='bbox 832 1668 904 1724; x_wconf 88' lang='lat' dir='ltr'><strong>atque</strong></span> <span class='ocrx_word' id='word_1_320' title='bbox 914 1662 967 1710; x_wconf 90' lang='lat' dir='ltr'><strong>aliis</strong></span> <span class='ocrx_word' id='word_1_321' title='bbox 979 1662 1100 1723; x_wconf 77' lang='lat' dir='ltr'><strong>tempiset</strong></span> <span class='ocrx_word' id='word_1_322' title='bbox 1110 1662 1215 1722; x_wconf 85' lang='lat' dir='ltr'><strong>porticus</strong></span> <span class='ocrx_word' id='word_1_323' title='bbox 1226 1662 1379 1721; x_wconf 79' lang='lat' dir='ltr'><strong>exstruebat,</strong></span> <span class='ocrx_word' id='word_1_324' title='bbox 1391 1664 1417 1710; x_wconf 87' lang='lat' dir='ltr'><strong>at</strong></span> <span class='ocrx_word' id='word_1_325' title='bbox 1427 1662 1565 1711; x_wconf 78' lang='lat' dir='ltr'><strong>Judaeoruni</strong></span> <span class='ocrx_word' id='word_1_326' title='bbox 1578 1675 1607 1711; x_wconf 89' lang='lat' dir='ltr'><strong>ne</strong></span> <span class='ocrx_word' id='word_1_327' title='bbox 1628 1681 1632 1689; x_wconf 88' lang='lat'><strong>·</strong></span> 
     </span>
     <span class='ocr_line' id='line_1_46' title="bbox 833 1736 1609 1800; baseline -0.003 -13"><span class='ocrx_word' id='word_1_328' title='bbox 833 1736 1609 1800; x_wconf 84' lang='lat' dir='ltr'><strong>ullamquidemurbemvelrniulruoeobnnestaritormtn,donoue</strong></span> 
     </span>
     <span class='ocr_line' id='line_1_47' title="bbox 834 1813 1608 1877; baseline -0.001 -14"><span class='ocrx_word' id='word_1_329' title='bbox 834 1816 916 1877; x_wconf 86' lang='lat' dir='ltr'><strong>aliquo</strong></span> <span class='ocrx_word' id='word_1_330' title='bbox 933 1814 1088 1863; x_wconf 88' lang='lat' dir='ltr'><strong>memorabili.</strong></span> <span class='ocrx_word' id='word_1_331' title='bbox 1122 1815 1225 1876; x_wconf 79' lang='lat' dir='ltr'><strong>Agrippa</strong></span> <span class='ocrx_word' id='word_1_332' title='bbox 1236 1817 1319 1863; x_wconf 86' lang='lat' dir='ltr'><strong>contra</strong></span> <span class='ocrx_word' id='word_1_333' title='bbox 1337 1813 1389 1862; x_wconf 89' lang='lat' dir='ltr'><strong>miti</strong></span> <span class='ocrx_word' id='word_1_334' title='bbox 1400 1820 1452 1863; x_wconf 83' lang='lat' dir='ltr'><strong>erut</strong></span> <span class='ocrx_word' id='word_1_335' title='bbox 1463 1814 1557 1876; x_wconf 84' lang='lat' dir='ltr'><strong>ingenio</strong></span> <span class='ocrx_word' id='word_1_336' title='bbox 1566 1851 1573 1874; x_wconf 93' lang='lat'><strong>,</strong></span> <span class='ocrx_word' id='word_1_337' title='bbox 1583 1814 1608 1862; x_wconf 89' lang='lat' dir='ltr'><strong>in</strong></span> 
     </span>
     <span class='ocr_line' id='line_1_48' title="bbox 833 1890 1611 1952; baseline -0.001 -12"><span class='ocrx_word' id='word_1_338' title='bbox 833 1893 957 1941; x_wconf 82' lang='lat' dir='ltr'><strong>universos</strong></span> <span class='ocrx_word' id='word_1_339' title='bbox 966 1906 996 1941; x_wconf 88' lang='lat' dir='ltr'><strong>ex</strong></span> <span class='ocrx_word' id='word_1_340' title='bbox 1008 1904 1079 1952; x_wconf 84' lang='lat' dir='ltr'><strong>aequo</strong></span> <span class='ocrx_word' id='word_1_341' title='bbox 1091 1890 1221 1939; x_wconf 86' lang='lat' dir='ltr'><strong>benetieua.</strong></span> <span class='ocrx_word' id='word_1_342' title='bbox 1255 1894 1281 1939; x_wconf 93' lang='lat' dir='ltr'><strong>ln</strong></span> <span class='ocrx_word' id='word_1_343' title='bbox 1292 1894 1387 1939; x_wconf 83' lang='lat' dir='ltr'><strong>externa</strong></span> <span class='ocrx_word' id='word_1_344' title='bbox 1396 1904 1479 1939; x_wconf 85' lang='lat' dir='ltr'><strong>omnes</strong></span> <span class='ocrx_word' id='word_1_345' title='bbox 1492 1891 1611 1939; x_wconf 84' lang='lat' dir='ltr'><strong>lurmanus</strong></span> 
     </span>
     <span class='ocr_line' id='line_1_49' title="bbox 833 1968 1609 2030; baseline -0.001 -13"><span class='ocrx_word' id='word_1_346' title='bbox 833 1972 892 2029; x_wconf 87' lang='lat' dir='ltr'><strong>eral,</strong></span> <span class='ocrx_word' id='word_1_347' title='bbox 899 1974 923 2017; x_wconf 90' lang='lat' dir='ltr'><strong>el</strong></span> <span class='ocrx_word' id='word_1_348' title='bbox 930 2004 936 2027; x_wconf 91' lang='lat'><strong>,</strong></span> <span class='ocrx_word' id='word_1_349' title='bbox 944 1982 1019 2030; x_wconf 89' lang='lat' dir='ltr'><strong>quum</strong></span> <span class='ocrx_word' id='word_1_350' title='bbox 1029 1968 1075 2016; x_wconf 89' lang='lat' dir='ltr'><strong>illia</strong></span> <span class='ocrx_word' id='word_1_351' title='bbox 1083 1968 1268 2017; x_wconf 81' lang='lat' dir='ltr'><strong>murniiireutiam</strong></span> <span class='ocrx_word' id='word_1_352' title='bbox 1279 1980 1347 2015; x_wconf 86' lang='lat' dir='ltr'><strong>auern</strong></span> <span class='ocrx_word' id='word_1_353' title='bbox 1357 1970 1505 2026; x_wconf 85' lang='lat' dir='ltr'><strong>ostenderet,</strong></span> <span class='ocrx_word' id='word_1_354' title='bbox 1513 1968 1609 2030; x_wconf 87' lang='lat' dir='ltr'><strong>popula·</strong></span> 
     </span>
     <span class='ocr_line' id='line_1_50' title="bbox 834 2044 1611 2107; baseline -0.003 -14"><span class='ocrx_word' id='word_1_355' title='bbox 834 2045 899 2093; x_wconf 82' lang='lat' dir='ltr'><strong>ribus</strong></span> <span class='ocrx_word' id='word_1_356' title='bbox 908 2045 959 2093; x_wconf 81' lang='lat' dir='ltr'><strong>arria</strong></span> <span class='ocrx_word' id='word_1_357' title='bbox 968 2045 1083 2107; x_wconf 78' lang='lat' dir='ltr'><strong>ouiuaqoa</strong></span> <span class='ocrx_word' id='word_1_358' title='bbox 1092 2044 1268 2093; x_wconf 82' lang='lat' dir='ltr'><strong>ratiorrelnabita</strong></span> <span class='ocrx_word' id='word_1_359' title='bbox 1274 2044 1397 2103; x_wconf 82' lang='lat' dir='ltr'><strong>benigna,</strong></span> <span class='ocrx_word' id='word_1_360' title='bbox 1403 2044 1611 2105; x_wconf 80' lang='lat' dir='ltr'><strong>magiaqnedoieua</strong></span> 
     </span>
     <span class='ocr_line' id='line_1_51' title="bbox 835 2120 1610 2183; baseline 0 -14"><span class='ocrx_word' id='word_1_361' title='bbox 835 2122 910 2171; x_wconf 80' lang='lat' dir='ltr'><strong>ricem</strong></span> <span class='ocrx_word' id='word_1_362' title='bbox 924 2121 1028 2169; x_wconf 87' lang='lat' dir='ltr'><strong>iliorum.</strong></span> <span class='ocrx_word' id='word_1_363' title='bbox 1061 2122 1208 2182; x_wconf 74' lang='lat' dir='ltr'><strong>Quapropter</strong></span> <span class='ocrx_word' id='word_1_364' title='bbox 1219 2120 1317 2169; x_wconf 86' lang='lat' dir='ltr'><strong>ilbenter</strong></span> <span class='ocrx_word' id='word_1_365' title='bbox 1327 2124 1352 2169; x_wconf 92' lang='lat' dir='ltr'><strong>et</strong></span> <span class='ocrx_word' id='word_1_366' title='bbox 1366 2120 1464 2170; x_wconf 83' lang='lat' dir='ltr'><strong>assidue</strong></span> <span class='ocrx_word' id='word_1_367' title='bbox 1477 2121 1610 2183; x_wconf 78' lang='lat' dir='ltr'><strong>llieroaoly·</strong></span> 
     </span>
     <span class='ocr_line' id='line_1_52' title="bbox 836 2196 1608 2260; baseline -0.003 -13"><span class='ocrx_word' id='word_1_368' title='bbox 836 2198 880 2247; x_wconf 84' lang='lat' dir='ltr'><strong>ruia</strong></span> <span class='ocrx_word' id='word_1_369' title='bbox 889 2198 1001 2259; x_wconf 81' lang='lat' dir='ltr'><strong>degebat,</strong></span> <span class='ocrx_word' id='word_1_370' title='bbox 1011 2202 1036 2247; x_wconf 89' lang='lat' dir='ltr'><strong>et</strong></span> <span class='ocrx_word' id='word_1_371' title='bbox 1047 2198 1177 2260; x_wconf 86' lang='lat' dir='ltr'><strong>patriorum</strong></span> <span class='ocrx_word' id='word_1_372' title='bbox 1190 2196 1352 2245; x_wconf 85' lang='lat' dir='ltr'><strong>institutorum</strong></span> <span class='ocrx_word' id='word_1_373' title='bbox 1364 2199 1446 2245; x_wconf 80' lang='lat' dir='ltr'><strong>custos</strong></span> <span class='ocrx_word' id='word_1_374' title='bbox 1455 2200 1506 2245; x_wconf 89' lang='lat' dir='ltr'><strong>erat</strong></span> <span class='ocrx_word' id='word_1_375' title='bbox 1515 2198 1608 2257; x_wconf 84' lang='lat' dir='ltr'><strong>reiigio-</strong></span> 
     </span>
     <span class='ocr_line' id='line_1_53' title="bbox 836 2274 1612 2337; baseline 0.001 -13"><span class='ocrx_word' id='word_1_376' title='bbox 836 2288 893 2335; x_wconf 88' lang='lat' dir='ltr'><strong>sua,</strong></span> <span class='ocrx_word' id='word_1_377' title='bbox 913 2274 1019 2336; x_wconf 82' lang='lat' dir='ltr'><strong>adeoque</strong></span> <span class='ocrx_word' id='word_1_378' title='bbox 1036 2276 1150 2336; x_wconf 82' lang='lat' dir='ltr'><strong>seipsum</strong></span> <span class='ocrx_word' id='word_1_379' title='bbox 1165 2277 1189 2323; x_wconf 88' lang='lat' dir='ltr'><strong>in</strong></span> <span class='ocrx_word' id='word_1_380' title='bbox 1207 2274 1319 2323; x_wconf 77' lang='lat' dir='ltr'><strong>ominibus</strong></span> <span class='ocrx_word' id='word_1_381' title='bbox 1336 2274 1452 2323; x_wconf 88' lang='lat' dir='ltr'><strong>mundum</strong></span> <span class='ocrx_word' id='word_1_382' title='bbox 1476 2288 1612 2337; x_wconf 86' lang='lat' dir='ltr'><strong>purumque</strong></span> 
     </span>
     <span class='ocr_line' id='line_1_54' title="bbox 836 2355 1611 2419; baseline 0.003 -16"><span class='ocrx_word' id='word_1_383' title='bbox 836 2356 958 2413; x_wconf 83' lang='lat' dir='ltr'><strong>seruabat,</strong></span> <span class='ocrx_word' id='word_1_384' title='bbox 975 2369 1050 2415; x_wconf 87' lang='lat' dir='ltr'><strong>neque</strong></span> <span class='ocrx_word' id='word_1_385' title='bbox 1069 2355 1132 2403; x_wconf 88' lang='lat' dir='ltr'><strong>diem</strong></span> <span class='ocrx_word' id='word_1_386' title='bbox 1146 2368 1251 2417; x_wconf 86' lang='lat' dir='ltr'><strong>unquam</strong></span> <span class='ocrx_word' id='word_1_387' title='bbox 1270 2369 1344 2405; x_wconf 88' lang='lat' dir='ltr'><strong>uuum</strong></span> <span class='ocrx_word' id='word_1_388' title='bbox 1363 2356 1534 2405; x_wconf 74' lang='lat' dir='ltr'><strong>intermittebat</strong></span> <span class='ocrx_word' id='word_1_389' title='bbox 1553 2358 1611 2419; x_wconf 81' lang='lat' dir='ltr'><strong>quis</strong></span> 
     </span>
     <span class='ocr_line' id='line_1_55' title="bbox 837 2430 1094 2483; baseline -0.008 0"><span class='ocrx_word' id='word_1_390' title='bbox 837 2430 887 2483; x_wconf 86' lang='lat' dir='ltr'><strong>rem</strong></span> <span class='ocrx_word' id='word_1_391' title='bbox 898 2448 989 2483; x_wconf 83' lang='lat' dir='ltr'><strong>sacram</strong></span> <span class='ocrx_word' id='word_1_392' title='bbox 999 2436 1094 2483; x_wconf 80' lang='lat' dir='ltr'><strong>iaceret.</strong></span> 
     </span>
    </p>
   </div>
   <div class='ocr_carea' id='block_1_8' title="bbox 837 2521 1612 2953">
    <p class='ocr_par' dir='ltr' id='par_1_10' title="bbox 837 2521 1612 2953">
     <span class='ocr_line' id='line_1_56' title="bbox 868 2521 1608 2585; baseline 0 -14"><span class='ocrx_word' id='word_1_393' title='bbox 868 2525 890 2571; x_wconf 79' lang='lat' dir='ltr'><strong>t.</strong></span> <span class='ocrx_word' id='word_1_394' title='bbox 905 2526 981 2571; x_wconf 75' lang='lat' dir='ltr'><strong>liaeo</strong></span> <span class='ocrx_word' id='word_1_395' title='bbox 995 2522 1082 2570; x_wconf 83' lang='lat' dir='ltr'><strong>tantum</strong></span> <span class='ocrx_word' id='word_1_396' title='bbox 1097 2526 1125 2569; x_wconf 88' lang='lat' dir='ltr'><strong>ut</strong></span> <span class='ocrx_word' id='word_1_397' title='bbox 1137 2521 1467 2585; x_wconf 80' lang='lat' dir='ltr'><strong>lliemsolymitannaqnidam</strong></span> <span class='ocrx_word' id='word_1_398' title='bbox 1485 2522 1608 2583; x_wconf 84' lang='lat' dir='ltr'><strong>indigena,</strong></span> 
     </span>
     <span class='ocr_line' id='line_1_57' title="bbox 838 2614 1611 2677; baseline 0 -14"><span class='ocrx_word' id='word_1_399' title='bbox 838 2616 931 2663; x_wconf 88' lang='lat' dir='ltr'><strong>nornine</strong></span> <span class='ocrx_word' id='word_1_400' title='bbox 940 2616 1021 2664; x_wconf 87' lang='lat' dir='ltr'><strong>simon</strong></span> <span class='ocrx_word' id='word_1_401' title='bbox 1031 2650 1038 2673; x_wconf 96' lang='lat'><strong>,</strong></span> <span class='ocrx_word' id='word_1_402' title='bbox 1048 2615 1090 2677; x_wconf 89' lang='lat' dir='ltr'><strong>qui</strong></span> <span class='ocrx_word' id='word_1_403' title='bbox 1104 2614 1161 2675; x_wconf 83' lang='lat' dir='ltr'><strong>legis</strong></span> <span class='ocrx_word' id='word_1_404' title='bbox 1172 2615 1261 2677; x_wconf 87' lang='lat' dir='ltr'><strong>peritus</strong></span> <span class='ocrx_word' id='word_1_405' title='bbox 1270 2614 1409 2673; x_wconf 75' lang='lat' dir='ltr'><strong>bibebatur,</strong></span> <span class='ocrx_word' id='word_1_406' title='bbox 1422 2615 1576 2663; x_wconf 87' lang='lat' dir='ltr'><strong>multitudine</strong></span> <span class='ocrx_word' id='word_1_407' title='bbox 1586 2617 1611 2663; x_wconf 87' lang='lat' dir='ltr'><strong>in</strong></span> 
     </span>
     <span class='ocr_line' id='line_1_58' title="bbox 837 2708 1610 2770; baseline 0.003 -15"><span class='ocrx_word' id='word_1_408' title='bbox 837 2708 1064 2756; x_wconf 81' lang='lat' dir='ltr'><strong>concionernvoeuta</strong></span> <span class='ocrx_word' id='word_1_409' title='bbox 1071 2720 1143 2769; x_wconf 88' lang='lat' dir='ltr'><strong>quum</strong></span> <span class='ocrx_word' id='word_1_410' title='bbox 1149 2722 1190 2755; x_wconf 86' lang='lat' dir='ltr'><strong>rex</strong></span> <span class='ocrx_word' id='word_1_411' title='bbox 1195 2710 1327 2757; x_wconf 78' lang='lat' dir='ltr'><strong>Caesareana</strong></span> <span class='ocrx_word' id='word_1_412' title='bbox 1333 2708 1452 2770; x_wconf 85' lang='lat' dir='ltr'><strong>proiectus</strong></span> <span class='ocrx_word' id='word_1_413' title='bbox 1457 2713 1527 2765; x_wconf 86' lang='lat' dir='ltr'><strong>esset,</strong></span> <span class='ocrx_word' id='word_1_414' title='bbox 1537 2722 1610 2757; x_wconf 85' lang='lat' dir='ltr'><strong>ausus</strong></span> 
     </span>
     <span class='ocr_line' id='line_1_59' title="bbox 839 2800 1612 2861; baseline -0.003 -12"><span class='ocrx_word' id='word_1_415' title='bbox 839 2800 909 2849; x_wconf 84' lang='lat' dir='ltr'><strong>luerit</strong></span> <span class='ocrx_word' id='word_1_416' title='bbox 920 2812 976 2849; x_wconf 89' lang='lat' dir='ltr'><strong>eum</strong></span> <span class='ocrx_word' id='word_1_417' title='bbox 987 2813 1105 2859; x_wconf 77' lang='lat' dir='ltr'><strong>accusare,</strong></span> <span class='ocrx_word' id='word_1_418' title='bbox 1113 2800 1180 2861; x_wconf 88' lang='lat' dir='ltr'><strong>quasi</strong></span> <span class='ocrx_word' id='word_1_419' title='bbox 1190 2812 1235 2847; x_wconf 88' lang='lat' dir='ltr'><strong>non</strong></span> <span class='ocrx_word' id='word_1_420' title='bbox 1245 2802 1424 2858; x_wconf 77' lang='lat' dir='ltr'><strong>sarnetuaesaet,</strong></span> <span class='ocrx_word' id='word_1_421' title='bbox 1435 2804 1612 2861; x_wconf 85' lang='lat' dir='ltr'><strong>merereturque</strong></span> 
     </span>
     <span class='ocr_line' id='line_1_60' title="bbox 838 2888 1612 2953; baseline -0.003 -12"><span class='ocrx_word' id='word_1_422' title='bbox 838 2892 910 2941; x_wconf 82' lang='lat' dir='ltr'><strong>arceri</strong></span> <span class='ocrx_word' id='word_1_423' title='bbox 922 2892 952 2941; x_wconf 79' lang='lat' dir='ltr'><strong>ab</strong></span> <span class='ocrx_word' id='word_1_424' title='bbox 970 2892 1036 2941; x_wconf 88' lang='lat' dir='ltr'><strong>omui</strong></span> <span class='ocrx_word' id='word_1_425' title='bbox 1049 2892 1075 2939; x_wconf 90' lang='lat' dir='ltr'><strong>in</strong></span> <span class='ocrx_word' id='word_1_426' title='bbox 1089 2888 1206 2953; x_wconf 80' lang='grc' dir='ltr'>ίιειιιρΙιιιιι</span> <span class='ocrx_word' id='word_1_427' title='bbox 1218 2892 1298 2950; x_wconf 86' lang='lat' dir='ltr'><strong>aditu,</strong></span> <span class='ocrx_word' id='word_1_428' title='bbox 1314 2892 1354 2953; x_wconf 90' lang='lat' dir='ltr'><strong>qui</strong></span> <span class='ocrx_word' id='word_1_429' title='bbox 1372 2905 1419 2943; x_wconf 90' lang='lat' dir='ltr'><strong>non</strong></span> <span class='ocrx_word' id='word_1_430' title='bbox 1435 2892 1480 2939; x_wconf 85' lang='lat' dir='ltr'><strong>nisi</strong></span> <span class='ocrx_word' id='word_1_431' title='bbox 1496 2892 1612 2953; x_wconf 86' lang='lat' dir='ltr'><strong>indigenis</strong></span> 
     </span>
    </p>
   </div>
   <div class='ocr_carea' id='block_1_9' title="bbox 23 2982 1614 3423">
    <p class='ocr_par' dir='ltr' id='par_1_11' title="bbox 23 2982 1614 3423">
     <span class='ocr_line' id='line_1_61' title="bbox 35 2982 1612 3062; baseline -0.001 -26"><span class='ocrx_word' id='word_1_432' title='bbox 35 2988 72 3051; x_wconf 79' lang='grc' dir='ltr'><strong>τῆς</strong></span> <span class='ocrx_word' id='word_1_433' title='bbox 81 2984 186 3057; x_wconf 82' lang='grc' dir='ltr'>εἰσόδου,</span> <span class='ocrx_word' id='word_1_434' title='bbox 201 2986 383 3062; x_wconf 85' lang='grc' dir='ltr'>προσηκούσης</span> <span class='ocrx_word' id='word_1_435' title='bbox 392 2994 444 3051; x_wconf 91' lang='grc' dir='ltr'>τοῖς</span> <span class='ocrx_word' id='word_1_436' title='bbox 458 2984 581 3062; x_wconf 82' lang='grc' dir='ltr'>ἐγγενέσι.</span> <span class='ocrx_word' id='word_1_437' title='bbox 606 2982 795 3060; x_wconf 81' lang='grc' dir='ltr'>Δηλοθταιμέν</span> <span class='ocrx_word' id='word_1_438' title='bbox 839 2989 937 3049; x_wconf 87' lang='lat' dir='ltr'><strong>pateret.</strong></span> <span class='ocrx_word' id='word_1_439' title='bbox 972 2990 1016 3035; x_wconf 79' lang='lat' dir='ltr'><strong>Per</strong></span> <span class='ocrx_word' id='word_1_440' title='bbox 1030 2986 1193 3046; x_wconf 84' lang='lat' dir='ltr'><strong>literaaigilur</strong></span> <span class='ocrx_word' id='word_1_441' title='bbox 1208 2988 1256 3048; x_wconf 81' lang='lat' dir='ltr'><strong>regi</strong></span> <span class='ocrx_word' id='word_1_442' title='bbox 1272 2986 1533 3046; x_wconf 78' lang='lat' dir='ltr'><strong>aiguibmturaburbia</strong></span> <span class='ocrx_word' id='word_1_443' title='bbox 1551 2999 1612 3048; x_wconf 77' lang='lat' dir='ltr'><strong>prte-</strong></span> 
     </span>
     <span class='ocr_line' id='line_1_62' title="bbox 37 3069 1609 3151; baseline -0.001 -26"><span class='ocrx_word' id='word_1_444' title='bbox 37 3069 61 3138; x_wconf 76' lang='grc' dir='ltr'><strong>δή</strong></span> <span class='ocrx_word' id='word_1_445' title='bbox 80 3072 118 3128; x_wconf 83' lang='grc' dir='ltr'>δεδι</span> <span class='ocrx_word' id='word_1_446' title='bbox 141 3071 306 3151; x_wconf 79' lang='grc' dir='ltr'>γραμμάτων</span> <span class='ocrx_word' id='word_1_447' title='bbox 328 3071 377 3129; x_wconf 76' lang='grc' dir='ltr'><strong>ὑπὸ</strong></span> <span class='ocrx_word' id='word_1_448' title='bbox 401 3078 445 3130; x_wconf 79' lang='grc' dir='ltr'><strong>τοῦ</strong></span> <span class='ocrx_word' id='word_1_449' title='bbox 468 3077 613 3150; x_wconf 81' lang='grc' dir='ltr'>στρατηγοῦ</span> <span class='ocrx_word' id='word_1_450' title='bbox 635 3071 734 3138; x_wconf 83' lang='grc' dir='ltr'>πόλεως</span> <span class='ocrx_word' id='word_1_451' title='bbox 759 3073 795 3150; x_wconf 81' lang='grc' dir='ltr'><strong>τῷ</strong></span> <span class='ocrx_word' id='word_1_452' title='bbox 841 3082 903 3131; x_wconf 85' lang='lat' dir='ltr'><strong>tecto</strong></span> <span class='ocrx_word' id='word_1_453' title='bbox 917 3080 982 3142; x_wconf 83' lang='lat' dir='ltr'><strong>qriod</strong></span> <span class='ocrx_word' id='word_1_454' title='bbox 995 3080 1132 3141; x_wconf 78' lang='lat' dir='ltr'><strong>hujusmodi</strong></span> <span class='ocrx_word' id='word_1_455' title='bbox 1151 3080 1266 3129; x_wconf 82' lang='lat' dir='ltr'><strong>uerbnad</strong></span> <span class='ocrx_word' id='word_1_456' title='bbox 1283 3081 1396 3143; x_wconf 87' lang='lat' dir='ltr'><strong>populum</strong></span> <span class='ocrx_word' id='word_1_457' title='bbox 1414 3080 1505 3129; x_wconf 72' lang='lat' dir='ltr'><strong>ieebaet</strong></span> <span class='ocrx_word' id='word_1_458' title='bbox 1518 3080 1609 3130; x_wconf 88' lang='lat' dir='ltr'><strong>Simon.</strong></span> 
     </span>
     <span class='ocr_line' id='line_1_63' title="bbox 23 3157 1607 3242; baseline 0.003 -25"><span class='ocrx_word' id='word_1_459' title='bbox 23 3158 127 3229; x_wconf 70' lang='grc' dir='ltr'>ιβννῑλεῗ</span> <span class='ocrx_word' id='word_1_460' title='bbox 138 3158 325 3236; x_wconf 61' lang='grc' dir='ltr'>δημηγορήσας</span> <span class='ocrx_word' id='word_1_461' title='bbox 343 3158 433 3233; x_wconf 73' lang='grc' dir='ltr'>Σίμων</span> <span class='ocrx_word' id='word_1_462' title='bbox 450 3164 539 3217; x_wconf 67' lang='grc' dir='ltr'>ταῦτα.</span> <span class='ocrx_word' id='word_1_463' title='bbox 583 3157 792 3234; x_wconf 62' lang='grc' dir='ltr'>Μεταπέμπεται</span> <span class='ocrx_word' id='word_1_464' title='bbox 839 3178 888 3225; x_wconf 86' lang='lat' dir='ltr'><strong>ilex</strong></span> <span class='ocrx_word' id='word_1_465' title='bbox 902 3177 983 3223; x_wconf 68' lang='lat' dir='ltr'><strong>aarum</strong></span> <span class='ocrx_word' id='word_1_466' title='bbox 999 3172 1408 3235; x_wconf 81' lang='lat' dir='ltr'><strong>illumaenerait,sibiqueproxirne</strong></span> <span class='ocrx_word' id='word_1_467' title='bbox 1423 3173 1607 3242; x_wconf 75' lang='lat' dir='ltr'><strong>(uomentem-</strong></span> 
     </span>
     <span class='ocr_line' id='line_1_64' title="bbox 38 3240 1613 3331; baseline 0.011 -34"><span class='ocrx_word' id='word_1_468' title='bbox 38 3240 60 3296; x_wconf 75' lang='grc' dir='ltr'>’δὲ</span> <span class='ocrx_word' id='word_1_469' title='bbox 72 3244 143 3301; x_wconf 84' lang='grc' dir='ltr'>αὐτόν</span> <span class='ocrx_word' id='word_1_470' title='bbox 156 3247 171 3301; x_wconf 86' lang='grc' dir='ltr'>ό</span> <span class='ocrx_word' id='word_1_471' title='bbox 186 3243 321 3323; x_wconf 76' lang='grc' dir='ltr'>βασιλεὺς,</span> <span class='ocrx_word' id='word_1_472' title='bbox 334 3242 378 3301; x_wconf 66' lang='grc' dir='ltr'>καί</span> <span class='ocrx_word' id='word_1_473' title='bbox 394 3243 533 3318; x_wconf 58' lang='grc' dir='ltr'>(καθέζετο</span> <span class='ocrx_word' id='word_1_474' title='bbox 544 3243 594 3325; x_wconf 56' lang='grc' dir='ltr'>γὰρ</span> <span class='ocrx_word' id='word_1_475' title='bbox 607 3248 632 3302; x_wconf 66' lang='grc' dir='ltr'>ἐν</span> <span class='ocrx_word' id='word_1_476' title='bbox 646 3250 683 3323; x_wconf 68' lang='grc' dir='ltr'><strong>τῷ</strong></span> <span class='ocrx_word' id='word_1_477' title='bbox 697 3244 797 3323; x_wconf 48' lang='lat' dir='ltr'><strong>odiit)</strong></span> <span class='ocrx_word' id='word_1_478' title='bbox 841 3281 896 3331; x_wconf 88' lang='lat' dir='ltr'><strong>pore</strong></span> <span class='ocrx_word' id='word_1_479' title='bbox 910 3269 933 3317; x_wconf 88' lang='lat' dir='ltr'><strong>iu</strong></span> <span class='ocrx_word' id='word_1_480' title='bbox 946 3269 1038 3316; x_wconf 87' lang='lat' dir='ltr'><strong>tlrealro</strong></span> <span class='ocrx_word' id='word_1_481' title='bbox 1055 3266 1169 3326; x_wconf 87' lang='lat' dir='ltr'><strong>sedebat)</strong></span> <span class='ocrx_word' id='word_1_482' title='bbox 1182 3266 1292 3314; x_wconf 86' lang='lat' dir='ltr'><strong>oollorari</strong></span> <span class='ocrx_word' id='word_1_483' title='bbox 1305 3266 1389 3328; x_wconf 85' lang='lat' dir='ltr'><strong>jussit,</strong></span> <span class='ocrx_word' id='word_1_484' title='bbox 1408 3280 1513 3329; x_wconf 85' lang='lat' dir='ltr'><strong>moxque</strong></span> <span class='ocrx_word' id='word_1_485' title='bbox 1531 3266 1613 3314; x_wconf 70' lang='lat' dir='ltr'><strong>aedrita</strong></span> 
     </span>
     <span class='ocr_line' id='line_1_65' title="bbox 37 3330 1614 3423; baseline 0.001 -16"><span class='ocrx_word' id='word_1_486' title='bbox 37 3350 84 3385; x_wconf 53' lang='grc' dir='ltr'><strong>’ΜΕ</strong></span> <span class='ocrx_word' id='word_1_487' title='bbox 94 3330 269 3407; x_wconf 57' lang='grc' dir='ltr'>δκθθῑσθῆναῑ</span> <span class='ocrx_word' id='word_1_488' title='bbox 283 3335 347 3411; x_wconf 61' lang='grc' dir='ltr'>παρ’</span> <span class='ocrx_word' id='word_1_489' title='bbox 360 3333 436 3389; x_wconf 63' lang='grc' dir='ltr'>αὐτὸν</span> <span class='ocrx_word' id='word_1_490' title='bbox 451 3332 594 3405; x_wconf 59' lang='grc' dir='ltr'><strong>ἐκελΜῖνι</strong></span> <span class='ocrx_word' id='word_1_491' title='bbox 606 3332 692 3410; x_wconf 49' lang='lat' dir='ltr'><strong>*iiiia</strong></span> <span class='ocrx_word' id='word_1_492' title='bbox 709 3354 737 3388; x_wconf 54' lang='grc' dir='ltr'><strong>τε</strong></span> <span class='ocrx_word' id='word_1_493' title='bbox 751 3330 796 3387; x_wconf 59' lang='grc' dir='ltr'>καί</span> <span class='ocrx_word' id='word_1_494' title='bbox 841 3374 897 3410; x_wconf 80' lang='lat' dir='ltr'><strong>noea</strong></span> <span class='ocrx_word' id='word_1_495' title='bbox 905 3367 929 3409; x_wconf 92' lang='lat' dir='ltr'><strong>et</strong></span> <span class='ocrx_word' id='word_1_496' title='bbox 938 3360 1045 3423; x_wconf 87' lang='lat' dir='ltr'><strong>placida,</strong></span> <span class='ocrx_word' id='word_1_497' title='bbox 1055 3360 1110 3409; x_wconf 75' lang='lat' dir='ltr'><strong>«dic</strong></span> <span class='ocrx_word' id='word_1_498' title='bbox 1121 3360 1190 3416; x_wconf 86' lang='lat' dir='ltr'><strong>ruibl,</strong></span> <span class='ocrx_word' id='word_1_499' title='bbox 1199 3360 1353 3421; x_wconf 82' lang='lat' dir='ltr'><strong>inquit,nnm</strong></span> <span class='ocrx_word' id='word_1_500' title='bbox 1363 3360 1421 3422; x_wconf 89' lang='lat' dir='ltr'><strong>quid</strong></span> <span class='ocrx_word' id='word_1_501' title='bbox 1429 3361 1467 3409; x_wconf 85' lang='lat' dir='ltr'><strong>irie</strong></span> <span class='ocrx_word' id='word_1_502' title='bbox 1476 3361 1552 3420; x_wconf 80' lang='lat' dir='ltr'><strong>aglon</strong></span> <span class='ocrx_word' id='word_1_503' title='bbox 1561 3374 1614 3409; x_wconf 87' lang='lat' dir='ltr'><strong>eon·</strong></span> 
     </span>
    </p>
   </div>
   <div class='ocr_carea' id='block_1_10' title="bbox 38 3414 1672 3583">
    <p class='ocr_par' dir='ltr' id='par_1_12' title="bbox 38 3414 1672 3583">
     <span class='ocr_line' id='line_1_66' title="bbox 38 3414 1672 3523; baseline 0.006 -33"><span class='ocrx_word' id='word_1_504' title='bbox 38 3414 220 3517; x_wconf 51' lang='grc' dir='ltr'>πδθίζθϋῑίπί</span> <span class='ocrx_word' id='word_1_505' title='bbox 230 3442 290 3495; x_wconf 60' lang='lat'><strong>⁹⁰¹⁵</strong></span> <span class='ocrx_word' id='word_1_506' title='bbox 303 3417 730 3523; x_wconf 47' lang='grc' dir='ltr'>θηῗὶνιτίτῶνίνθέθῑδξνομίίων</span> <span class='ocrx_word' id='word_1_507' title='bbox 743 3416 797 3475; x_wconf 57' lang='grc' dir='ltr'>ἐστὶ</span> <span class='ocrx_word' id='word_1_508' title='bbox 841 3451 1613 3513; x_wconf 80' lang='lat' dir='ltr'><strong>traleges?»tileveroquamuibiibaberetquoddireret,verriana</strong></span> <span class='ocrx_word' id='word_1_509' title='bbox 1669 3502 1672 3509; x_wconf 65' lang='grc'>,</span> 
     </span>
     <span class='ocr_line' id='line_1_67' title="bbox 38 3503 796 3583; baseline 0.011 -28"><span class='ocrx_word' id='word_1_510' title='bbox 38 3520 190 3579; x_wconf 84' lang='grc' dir='ltr'>περανομον;</span> <span class='ocrx_word' id='word_1_511' title='bbox 201 3534 214 3557; x_wconf 83' lang='grc' dir='ltr'><strong>ν</strong></span> <span class='ocrx_word' id='word_1_512' title='bbox 228 3509 243 3563; x_wconf 82' lang='grc' dir='ltr'><strong>δ</strong></span> <span class='ocrx_word' id='word_1_513' title='bbox 254 3504 281 3563; x_wconf 80' lang='grc' dir='ltr'><strong>δδ</strong></span> <span class='ocrx_word' id='word_1_514' title='bbox 292 3507 371 3561; x_wconf 81' lang='grc' dir='ltr'>εῖπειν</span> <span class='ocrx_word' id='word_1_515' title='bbox 382 3503 448 3583; x_wconf 77' lang='grc' dir='ltr'>ἔχων</span> <span class='ocrx_word' id='word_1_516' title='bbox 458 3504 529 3563; x_wconf 68' lang='grc' dir='ltr'>οὐδὲν</span> <span class='ocrx_word' id='word_1_517' title='bbox 541 3528 629 3583; x_wconf 85' lang='grc' dir='ltr'>τυχειν</span> <span class='ocrx_word' id='word_1_518' title='bbox 645 3506 724 3563; x_wconf 87' lang='grc' dir='ltr'>ε’δειτο</span> <span class='ocrx_word' id='word_1_519' title='bbox 736 3528 796 3582; x_wconf 86' lang='grc' dir='ltr'>συγ·</span> 
     </span>
    </p>
   </div>
   <div class='ocr_carea' id='block_1_11' title="bbox 23 3586 817 4803">
    <p class='ocr_par' dir='ltr' id='par_1_13' title="bbox 23 3586 798 4019">
     <span class='ocr_line' id='line_1_68' title="bbox 23 3586 797 3671; baseline 0 -22"><span class='ocrx_word' id='word_1_520' title='bbox 23 3586 138 3661; x_wconf 78' lang='grc' dir='ltr'>εΥνύνμηε.</span> <span class='ocrx_word' id='word_1_521' title='bbox 180 3591 235 3653; x_wconf 78' lang='grc' dir='ltr'><strong>Καί</strong></span> <span class='ocrx_word' id='word_1_522' title='bbox 258 3595 272 3649; x_wconf 85' lang='grc' dir='ltr'><strong>δ</strong></span> <span class='ocrx_word' id='word_1_523' title='bbox 292 3590 413 3670; x_wconf 79' lang='grc' dir='ltr'>βασιλεὺς</span> <span class='ocrx_word' id='word_1_524' title='bbox 435 3594 504 3671; x_wconf 78' lang='grc' dir='ltr'>αὐτῷ</span> <span class='ocrx_word' id='word_1_525' title='bbox 522 3590 541 3661; x_wconf 77' lang='grc' dir='ltr'>ἢ</span> <span class='ocrx_word' id='word_1_526' title='bbox 561 3590 737 3669; x_wconf 84' lang='grc' dir='ltr'>προσεδόκησέ</span> <span class='ocrx_word' id='word_1_527' title='bbox 760 3615 797 3658; x_wconf 90' lang='grc' dir='ltr'><strong>τις</strong></span> 
     </span>
     <span class='ocr_line' id='line_1_69' title="bbox 41 3670 797 3758; baseline 0.005 -27"><span class='ocrx_word' id='word_1_528' title='bbox 41 3670 207 3751; x_wconf 75' lang='grc' dir='ltr'>διηλλάττετο,</span> <span class='ocrx_word' id='word_1_529' title='bbox 220 3678 268 3749; x_wconf 73' lang='grc' dir='ltr'><strong>τήν</strong></span> <span class='ocrx_word' id='word_1_530' title='bbox 280 3676 414 3755; x_wconf 80' lang='grc' dir='ltr'>πραότητα</span> <span class='ocrx_word' id='word_1_531' title='bbox 432 3678 523 3757; x_wconf 90' lang='grc' dir='ltr'>κρίνων</span> <span class='ocrx_word' id='word_1_532' title='bbox 537 3677 740 3758; x_wconf 74' lang='grc' dir='ltr'>βασιλικωτέραν</span> <span class='ocrx_word' id='word_1_533' title='bbox 755 3680 797 3757; x_wconf 85' lang='grc' dir='ltr'><strong>δρ-</strong></span> 
     </span>
     <span class='ocr_line' id='line_1_70' title="bbox 40 3763 796 3845; baseline -0.011 -14"><span class='ocrx_word' id='word_1_534' title='bbox 40 3764 77 3831; x_wconf 62' lang='lat' dir='ltr'><strong>liu</strong></span> <span class='ocrx_word' id='word_1_535' title='bbox 89 3763 130 3820; x_wconf 79' lang='grc' dir='ltr'><strong>καί</strong></span> <span class='ocrx_word' id='word_1_536' title='bbox 138 3764 246 3845; x_wconf 83' lang='grc' dir='ltr'>πρέπειν</span> <span class='ocrx_word' id='word_1_537' title='bbox 258 3764 330 3830; x_wconf 78' lang='grc' dir='ltr'>εἰδὼς</span> <span class='ocrx_word' id='word_1_538' title='bbox 342 3766 393 3829; x_wconf 85' lang='grc' dir='ltr'>τοῖς</span> <span class='ocrx_word' id='word_1_539' title='bbox 404 3764 521 3842; x_wconf 85' lang='grc' dir='ltr'>μεγέθεσι</span> <span class='ocrx_word' id='word_1_540' title='bbox 536 3772 616 3841; x_wconf 85' lang='grc' dir='ltr'>θυμοῦ</span> <span class='ocrx_word' id='word_1_541' title='bbox 627 3764 704 3823; x_wconf 82' lang='grc' dir='ltr'>πλόον</span> <span class='ocrx_word' id='word_1_542' title='bbox 717 3764 796 3823; x_wconf 81' lang='grc' dir='ltr'>ἐπιεί-</span> 
     </span>
     <span class='ocr_line' id='line_1_71' title="bbox 41 3851 798 3933; baseline 0.013 -34"><span class='ocrx_word' id='word_1_543' title='bbox 41 3866 108 3904; x_wconf 88' lang='grc' dir='ltr'>κειαν.</span> <span class='ocrx_word' id='word_1_544' title='bbox 154 3852 206 3911; x_wconf 87' lang='grc' dir='ltr'><strong>Τδν</strong></span> <span class='ocrx_word' id='word_1_545' title='bbox 224 3852 332 3928; x_wconf 83' lang='grc' dir='ltr'>Σίμωνα</span> <span class='ocrx_word' id='word_1_546' title='bbox 348 3856 407 3929; x_wconf 79' lang='grc' dir='ltr'>γοῦν</span> <span class='ocrx_word' id='word_1_547' title='bbox 426 3851 470 3908; x_wconf 81' lang='grc' dir='ltr'><strong>καί</strong></span> <span class='ocrx_word' id='word_1_548' title='bbox 485 3853 581 3933; x_wconf 78' lang='grc' dir='ltr'>δωρεάς</span> <span class='ocrx_word' id='word_1_549' title='bbox 599 3876 666 3919; x_wconf 90' lang='grc' dir='ltr'>τινος</span> <span class='ocrx_word' id='word_1_550' title='bbox 688 3851 798 3919; x_wconf 82' lang='grc' dir='ltr'>ἀξιώσας</span> 
     </span>
     <span class='ocr_line' id='line_1_72' title="bbox 42 3933 208 4019; baseline 0.072 -31"><span class='ocrx_word' id='word_1_551' title='bbox 42 3933 208 4019; x_wconf 77' lang='grc' dir='ltr'>ἀπεπέμψατο.</span> 
     </span>
    </p>

    <p class='ocr_par' dir='ltr' id='par_1_14' title="bbox 23 4022 798 4453">
     <span class='ocr_line' id='line_1_73' title="bbox 23 4022 798 4105; baseline -0.005 -18"><span class='ocrx_word' id='word_1_552' title='bbox 23 4050 32 4087; x_wconf 89' lang='grc' dir='ltr'><strong>ο</strong></span> <span class='ocrx_word' id='word_1_553' title='bbox 73 4022 99 4079; x_wconf 78' lang='lat' dir='ltr'><strong>i&#39;·</strong></span> <span class='ocrx_word' id='word_1_554' title='bbox 119 4028 229 4093; x_wconf 85' lang='grc' dir='ltr'>Πολλοῖς</span> <span class='ocrx_word' id='word_1_555' title='bbox 243 4026 269 4084; x_wconf 83' lang='grc' dir='ltr'><strong>δί</strong></span> <span class='ocrx_word' id='word_1_556' title='bbox 279 4025 475 4091; x_wconf 86' lang='grc' dir='ltr'>κατασκευάσας</span> <span class='ocrx_word' id='word_1_557' title='bbox 484 4025 568 4083; x_wconf 73' lang='grc' dir='ltr'>πολλά</span> <span class='ocrx_word' id='word_1_558' title='bbox 581 4026 721 4105; x_wconf 84' lang='grc' dir='ltr'>Βηρυτίους</span> <span class='ocrx_word' id='word_1_559' title='bbox 733 4026 798 4093; x_wconf 79' lang='grc' dir='ltr'>ἐξαι-</span> 
     </span>
     <span class='ocr_line' id='line_1_74' title="bbox 43 4105 797 4191; baseline -0.004 -17"><span class='ocrx_word' id='word_1_560' title='bbox 43 4105 108 4179; x_wconf 67' lang='grc' dir='ltr'>θὲννς</span> <span class='ocrx_word' id='word_1_561' title='bbox 129 4114 257 4191; x_wconf 55' lang='lat' dir='ltr'><strong>eripueras</strong></span> <span class='ocrx_word' id='word_1_562' title='bbox 296 4112 414 4191; x_wconf 82' lang='grc' dir='ltr'>Θέατρον</span> <span class='ocrx_word' id='word_1_563' title='bbox 431 4110 481 4189; x_wconf 87' lang='grc' dir='ltr'>γδιρ</span> <span class='ocrx_word' id='word_1_564' title='bbox 503 4116 587 4179; x_wconf 82' lang='grc' dir='ltr'>αὐτοῖς</span> <span class='ocrx_word' id='word_1_565' title='bbox 608 4114 797 4190; x_wconf 80' lang='grc' dir='ltr'>κατεσκεύασε,</span> 
     </span>
     <span class='ocr_line' id='line_1_75' title="bbox 42 4194 797 4281; baseline 0.019 -36"><span class='ocrx_word' id='word_1_566' title='bbox 42 4194 179 4279; x_wconf 74' lang='grc' dir='ltr'>πολυτελείᾳ</span> <span class='ocrx_word' id='word_1_567' title='bbox 195 4223 224 4259; x_wconf 85' lang='grc' dir='ltr'><strong>τε</strong></span> <span class='ocrx_word' id='word_1_568' title='bbox 241 4198 286 4259; x_wconf 73' lang='grc' dir='ltr'><strong>καί</strong></span> <span class='ocrx_word' id='word_1_569' title='bbox 304 4198 394 4257; x_wconf 84' lang='grc' dir='ltr'>κάλλει</span> <span class='ocrx_word' id='word_1_570' title='bbox 410 4201 513 4257; x_wconf 83' lang='grc' dir='ltr'>πολλῶν</span> <span class='ocrx_word' id='word_1_571' title='bbox 527 4200 654 4279; x_wconf 76' lang='grc' dir='ltr'>διαφέρον,</span> <span class='ocrx_word' id='word_1_572' title='bbox 672 4200 797 4281; x_wconf 81' lang='grc' dir='ltr'>ἀμφιθέα-</span> 
     </span>
     <span class='ocr_line' id='line_1_76' title="bbox 42 4279 797 4367; baseline 0.007 -28"><span class='ocrx_word' id='word_1_573' title='bbox 42 4279 246 4353; x_wconf 63' lang='lat' dir='ltr'><strong>pinnaeulum</strong></span> <span class='ocrx_word' id='word_1_574' title='bbox 268 4286 456 4361; x_wconf 86' lang='grc' dir='ltr'>ἀναλωμάτων,</span> <span class='ocrx_word' id='word_1_575' title='bbox 472 4288 597 4364; x_wconf 86' lang='grc' dir='ltr'>βαλανεῑά</span> <span class='ocrx_word' id='word_1_576' title='bbox 614 4310 642 4345; x_wconf 89' lang='grc' dir='ltr'><strong>τε</strong></span> <span class='ocrx_word' id='word_1_577' title='bbox 661 4287 723 4367; x_wconf 83' lang='grc' dir='ltr'>πρὸς</span> <span class='ocrx_word' id='word_1_578' title='bbox 737 4288 797 4345; x_wconf 89' lang='grc' dir='ltr'>τού-</span> 
     </span>
     <span class='ocr_line' id='line_1_77' title="bbox 43 4370 798 4453; baseline 0 -22"><span class='ocrx_word' id='word_1_579' title='bbox 43 4384 86 4431; x_wconf 66' lang='lat' dir='ltr'><strong>ang</strong></span> <span class='ocrx_word' id='word_1_580' title='bbox 94 4370 134 4427; x_wconf 79' lang='grc' dir='ltr'><strong>καί</strong></span> <span class='ocrx_word' id='word_1_581' title='bbox 144 4374 234 4449; x_wconf 68' lang='grc' dir='ltr'>στοδις,</span> <span class='ocrx_word' id='word_1_582' title='bbox 249 4376 275 4432; x_wconf 87' lang='grc' dir='ltr'><strong>ἐν</strong></span> <span class='ocrx_word' id='word_1_583' title='bbox 285 4374 366 4431; x_wconf 84' lang='grc' dir='ltr'>οὐδενὶ</span> <span class='ocrx_word' id='word_1_584' title='bbox 377 4376 428 4431; x_wconf 85' lang='grc' dir='ltr'><strong>τῶν</strong></span> <span class='ocrx_word' id='word_1_585' title='bbox 440 4372 521 4453; x_wconf 84' lang='grc' dir='ltr'>ἔργων</span> <span class='ocrx_word' id='word_1_586' title='bbox 532 4375 664 4445; x_wconf 88' lang='grc' dir='ltr'>στενότητι</span> <span class='ocrx_word' id='word_1_587' title='bbox 679 4376 798 4445; x_wconf 88' lang='grc' dir='ltr'>δαπανη·</span> 
     </span>
    </p>

    <p class='ocr_par' dir='ltr' id='par_1_15' title="bbox 23 4450 817 4803">
     <span class='ocr_line' id='line_1_78' title="bbox 23 4450 800 4537; baseline 0 -18"><span class='ocrx_word' id='word_1_588' title='bbox 23 4450 121 4521; x_wconf 67' lang='lat' dir='ltr'><strong>abiram</strong></span> <span class='ocrx_word' id='word_1_589' title='bbox 136 4459 191 4529; x_wconf 78' lang='grc' dir='ltr'><strong>ῆτδ</strong></span> <span class='ocrx_word' id='word_1_590' title='bbox 203 4462 298 4527; x_wconf 87' lang='grc' dir='ltr'>κάλλος</span> <span class='ocrx_word' id='word_1_591' title='bbox 312 4460 439 4530; x_wconf 79' lang='grc' dir='ltr'>ἀδικήσας</span> <span class='ocrx_word' id='word_1_592' title='bbox 452 4459 469 4531; x_wconf 78' lang='grc' dir='ltr'>ἢ</span> <span class='ocrx_word' id='word_1_593' title='bbox 484 4460 513 4517; x_wconf 64' lang='lat' dir='ltr'><strong>ab</strong></span> <span class='ocrx_word' id='word_1_594' title='bbox 528 4462 640 4537; x_wconf 81' lang='grc' dir='ltr'>μέγεθος.</span> <span class='ocrx_word' id='word_1_595' title='bbox 682 4462 800 4521; x_wconf 82' lang='grc' dir='ltr'>Ἐπιδα-</span> 
     </span>
     <span class='ocr_line' id='line_1_79' title="bbox 45 4538 817 4629; baseline 0.016 -37"><span class='ocrx_word' id='word_1_596' title='bbox 45 4538 170 4611; x_wconf 80' lang='grc' dir='ltr'><strong>Ιίμλεόσοιτο</strong></span> <span class='ocrx_word' id='word_1_597' title='bbox 184 4547 211 4607; x_wconf 88' lang='grc' dir='ltr'>δέ</span> <span class='ocrx_word' id='word_1_598' title='bbox 226 4550 309 4605; x_wconf 75' lang='grc' dir='ltr'>αὐτῶν</span> <span class='ocrx_word' id='word_1_599' title='bbox 323 4546 371 4617; x_wconf 76' lang='grc' dir='ltr'><strong>τήν</strong></span> <span class='ocrx_word' id='word_1_600' title='bbox 380 4547 531 4626; x_wconf 81' lang='grc' dir='ltr'>καθιέρωσιν</span> <span class='ocrx_word' id='word_1_601' title='bbox 544 4552 763 4629; x_wconf 84' lang='grc' dir='ltr'>μεγαλοπρεπῶς,</span> <span class='ocrx_word' id='word_1_602' title='bbox 774 4549 817 4616; x_wconf 84' lang='grc' dir='ltr'><strong>ἐν,</strong></span> 
     </span>
     <span class='ocr_line' id='line_1_80' title="bbox 45 4624 801 4713; baseline 0.012 -31"><span class='ocrx_word' id='word_1_603' title='bbox 45 4624 75 4698; x_wconf 73' lang='grc' dir='ltr'><strong>τῷ</strong></span> <span class='ocrx_word' id='word_1_604' title='bbox 87 4630 179 4713; x_wconf 83' lang='grc' dir='ltr'>θεάτρῳ</span> <span class='ocrx_word' id='word_1_605' title='bbox 194 4634 240 4711; x_wconf 84' lang='grc' dir='ltr'><strong>μὲν</strong></span> <span class='ocrx_word' id='word_1_606' title='bbox 253 4636 359 4713; x_wconf 88' lang='grc' dir='ltr'>θεωρίας</span> <span class='ocrx_word' id='word_1_607' title='bbox 374 4636 507 4704; x_wconf 84' lang='grc' dir='ltr'>ἐπιτελῶν,</span> <span class='ocrx_word' id='word_1_608' title='bbox 524 4634 598 4693; x_wconf 88' lang='grc' dir='ltr'>πάνθ’</span> <span class='ocrx_word' id='word_1_609' title='bbox 611 4634 659 4693; x_wconf 85' lang='grc' dir='ltr'><strong>ὅσα</strong></span> <span class='ocrx_word' id='word_1_610' title='bbox 675 4638 801 4711; x_wconf 79' lang='grc' dir='ltr'>μουσικῆς</span> 
     </span>
     <span class='ocr_line' id='line_1_81' title="bbox 47 4720 800 4803; baseline 0.003 -28"><span class='ocrx_word' id='word_1_611' title='bbox 47 4720 99 4784; x_wconf 58' lang='lat' dir='ltr'><strong>iila</strong></span> <span class='ocrx_word' id='word_1_612' title='bbox 116 4720 238 4797; x_wconf 87' lang='grc' dir='ltr'>παράγων</span> <span class='ocrx_word' id='word_1_613' title='bbox 257 4721 301 4779; x_wconf 78' lang='grc' dir='ltr'><strong>καὶ</strong></span> <span class='ocrx_word' id='word_1_614' title='bbox 316 4720 435 4790; x_wconf 83' lang='grc' dir='ltr'>ποικιλης</span> <span class='ocrx_word' id='word_1_615' title='bbox 448 4722 571 4794; x_wconf 75' lang='grc' dir='ltr'>ποιητικά</span> <span class='ocrx_word' id='word_1_616' title='bbox 589 4722 715 4803; x_wconf 81' lang='grc' dir='ltr'>τέρψεως,</span> <span class='ocrx_word' id='word_1_617' title='bbox 732 4724 758 4779; x_wconf 88' lang='grc' dir='ltr'><strong>ἐν</strong></span> <span class='ocrx_word' id='word_1_618' title='bbox 773 4720 800 4778; x_wconf 84' lang='grc' dir='ltr'>δέ</span> 
     </span>
    </p>
   </div>
   <div class='ocr_carea' id='block_1_12' title="bbox 841 3545 1615 3798">
    <p class='ocr_par' dir='ltr' id='par_1_16' title="bbox 841 3545 1615 3798">
     <span class='ocr_line' id='line_1_82' title="bbox 841 3545 1614 3608; baseline -0.006 -12"><span class='ocrx_word' id='word_1_619' title='bbox 841 3548 945 3607; x_wconf 72' lang='lat' dir='ltr'><strong>rogatam.</strong></span> <span class='ocrx_word' id='word_1_620' title='bbox 979 3551 1040 3596; x_wconf 86' lang='lat' dir='ltr'><strong>Turn</strong></span> <span class='ocrx_word' id='word_1_621' title='bbox 1056 3559 1096 3593; x_wconf 92' lang='lat' dir='ltr'><strong>rex</strong></span> <span class='ocrx_word' id='word_1_622' title='bbox 1117 3545 1190 3605; x_wconf 69' lang='grc' dir='ltr'>ιειερῖε</span> <span class='ocrx_word' id='word_1_623' title='bbox 1207 3559 1279 3608; x_wconf 89' lang='lat' dir='ltr'><strong>quam</strong></span> <span class='ocrx_word' id='word_1_624' title='bbox 1298 3546 1425 3607; x_wconf 84' lang='lat' dir='ltr'><strong>quisquam</strong></span> <span class='ocrx_word' id='word_1_625' title='bbox 1439 3546 1574 3607; x_wconf 85' lang='lat' dir='ltr'><strong>opinaretur</strong></span> <span class='ocrx_word' id='word_1_626' title='bbox 1590 3546 1614 3593; x_wconf 85' lang='lat' dir='ltr'><strong>ei</strong></span> 
     </span>
     <span class='ocr_line' id='line_1_83' title="bbox 841 3639 1614 3709; baseline -0.006 -18"><span class='ocrx_word' id='word_1_627' title='bbox 841 3642 1006 3695; x_wconf 81' lang='lat' dir='ltr'><strong>reconciliatus</strong></span> <span class='ocrx_word' id='word_1_628' title='bbox 1024 3645 1086 3697; x_wconf 90' lang='lat' dir='ltr'><strong>erat,</strong></span> <span class='ocrx_word' id='word_1_629' title='bbox 1105 3643 1132 3689; x_wconf 90' lang='lat' dir='ltr'><strong>ut</strong></span> <span class='ocrx_word' id='word_1_630' title='bbox 1149 3640 1190 3702; x_wconf 87' lang='lat' dir='ltr'><strong>qui</strong></span> <span class='ocrx_word' id='word_1_631' title='bbox 1207 3641 1357 3689; x_wconf 87' lang='lat' dir='ltr'><strong>elementiam</strong></span> <span class='ocrx_word' id='word_1_632' title='bbox 1375 3640 1449 3701; x_wconf 84' lang='lat' dir='ltr'><strong>magia</strong></span> <span class='ocrx_word' id='word_1_633' title='bbox 1463 3653 1537 3701; x_wconf 87' lang='lat' dir='ltr'><strong>quarn</strong></span> <span class='ocrx_word' id='word_1_634' title='bbox 1555 3639 1614 3709; x_wconf 75' lang='lat' dir='ltr'><strong>iram</strong></span> 
     </span>
     <span class='ocr_line' id='line_1_84' title="bbox 841 3734 1615 3798; baseline -0.004 -14"><span class='ocrx_word' id='word_1_635' title='bbox 841 3738 934 3798; x_wconf 85' lang='lat' dir='ltr'><strong>regibus</strong></span> <span class='ocrx_word' id='word_1_636' title='bbox 946 3737 1071 3785; x_wconf 80' lang='lat' dir='ltr'><strong>conrrenire</strong></span> <span class='ocrx_word' id='word_1_637' title='bbox 1078 3735 1235 3793; x_wconf 82' lang='lat' dir='ltr'><strong>existimarit,</strong></span> <span class='ocrx_word' id='word_1_638' title='bbox 1247 3736 1357 3797; x_wconf 76' lang='lat' dir='ltr'><strong>nouitque</strong></span> <span class='ocrx_word' id='word_1_639' title='bbox 1366 3748 1474 3783; x_wconf 79' lang='lat' dir='ltr'><strong>autumna</strong></span> <span class='ocrx_word' id='word_1_640' title='bbox 1483 3734 1548 3783; x_wconf 83' lang='lat' dir='ltr'><strong>viros</strong></span> <span class='ocrx_word' id='word_1_641' title='bbox 1560 3735 1615 3796; x_wconf 88' lang='lat' dir='ltr'><strong>plus</strong></span> 
     </span>
    </p>
   </div>
   <div class='ocr_carea' id='block_1_13' title="bbox 841 3828 1611 3891">
    <p class='ocr_par' dir='ltr' id='par_1_17' title="bbox 841 3828 1611 3891">
     <span class='ocr_line' id='line_1_85' title="bbox 841 3828 1611 3891; baseline -0.005 -12"><span class='ocrx_word' id='word_1_642' title='bbox 841 3830 925 3880; x_wconf 82' lang='lat' dir='ltr'><strong>decere</strong></span> <span class='ocrx_word' id='word_1_643' title='bbox 934 3832 1055 3879; x_wconf 85' lang='lat' dir='ltr'><strong>leuitatem</strong></span> <span class='ocrx_word' id='word_1_644' title='bbox 1065 3842 1136 3891; x_wconf 88' lang='lat' dir='ltr'><strong>quam</strong></span> <span class='ocrx_word' id='word_1_645' title='bbox 1147 3828 1467 3890; x_wconf 85' lang='lat' dir='ltr'><strong>excandescentiam.1taque</strong></span> <span class='ocrx_word' id='word_1_646' title='bbox 1479 3828 1611 3884; x_wconf 85' lang='lat' dir='ltr'><strong>simonem,</strong></span> 
     </span>
    </p>
   </div>
   <div class='ocr_carea' id='block_1_14' title="bbox 841 3918 1615 4057">
    <p class='ocr_par' dir='ltr' id='par_1_18' title="bbox 841 3918 1615 4057">
     <span class='ocr_line' id='line_1_86' title="bbox 841 3918 1536 3984; baseline -0.01 -11"><span class='ocrx_word' id='word_1_647' title='bbox 841 3924 912 3973; x_wconf 85' lang='lat' dir='ltr'><strong>etiam</strong></span> <span class='ocrx_word' id='word_1_648' title='bbox 924 3937 1022 3972; x_wconf 85' lang='lat' dir='ltr'><strong>inuuere</strong></span> <span class='ocrx_word' id='word_1_649' title='bbox 1033 3922 1137 3984; x_wconf 88' lang='lat' dir='ltr'><strong>quodam</strong></span> <span class='ocrx_word' id='word_1_650' title='bbox 1149 3926 1245 3969; x_wconf 83' lang='lat' dir='ltr'><strong>artetum</strong></span> <span class='ocrx_word' id='word_1_651' title='bbox 1257 3924 1426 3981; x_wconf 87' lang='lat' dir='ltr'><strong>ornatumque,</strong></span> <span class='ocrx_word' id='word_1_652' title='bbox 1438 3918 1536 3967; x_wconf 84' lang='lat' dir='ltr'><strong>diruisit.</strong></span> 
     </span>
     <span class='ocr_line' id='line_1_87' title="bbox 873 3996 1615 4057; baseline -0.008 -7"><span class='ocrx_word' id='word_1_653' title='bbox 873 4008 895 4051; x_wconf 79' lang='lat'><strong>5.</strong></span> <span class='ocrx_word' id='word_1_654' title='bbox 902 4004 1065 4057; x_wconf 86' lang='lat' dir='ltr'><strong>Quumauteru</strong></span> <span class='ocrx_word' id='word_1_655' title='bbox 1073 3998 1234 4048; x_wconf 86' lang='lat' dir='ltr'><strong>multamuitis</strong></span> <span class='ocrx_word' id='word_1_656' title='bbox 1241 3998 1406 4053; x_wconf 79' lang='lat' dir='ltr'><strong>exstruxisset,</strong></span> <span class='ocrx_word' id='word_1_657' title='bbox 1415 3996 1615 4056; x_wconf 74' lang='lat' dir='ltr'><strong>Berytiusexirnie</strong></span> 
     </span>
    </p>
   </div>
   <div class='ocr_carea' id='block_1_15' title="bbox 842 4080 1654 4407">
    <p class='ocr_par' dir='ltr' id='par_1_19' title="bbox 842 4080 1654 4407">
     <span class='ocr_line' id='line_1_88' title="bbox 842 4080 1615 4143; baseline -0.009 -6"><span class='ocrx_word' id='word_1_658' title='bbox 842 4089 973 4137; x_wconf 85' lang='lat' dir='ltr'><strong>bonoravit.</strong></span> <span class='ocrx_word' id='word_1_659' title='bbox 1016 4086 1145 4135; x_wconf 81' lang='lat' dir='ltr'><strong>Theatrum</strong></span> <span class='ocrx_word' id='word_1_660' title='bbox 1165 4086 1229 4134; x_wconf 87' lang='lat' dir='ltr'><strong>enirn</strong></span> <span class='ocrx_word' id='word_1_661' title='bbox 1249 4084 1295 4131; x_wconf 89' lang='lat' dir='ltr'><strong>illis</strong></span> <span class='ocrx_word' id='word_1_662' title='bbox 1316 4080 1458 4141; x_wconf 74' lang='lat' dir='ltr'><strong>aedificarit,</strong></span> <span class='ocrx_word' id='word_1_663' title='bbox 1484 4082 1547 4143; x_wconf 88' lang='lat' dir='ltr'><strong>quod</strong></span> <span class='ocrx_word' id='word_1_664' title='bbox 1570 4082 1615 4130; x_wconf 86' lang='lat' dir='ltr'><strong>eie·</strong></span> 
     </span>
     <span class='ocr_line' id='line_1_89' title="bbox 842 4168 1616 4235; baseline -0.005 -14"><span class='ocrx_word' id='word_1_665' title='bbox 842 4168 1616 4235; x_wconf 76' lang='lat' dir='ltr'><strong>gauliaetpuloritndinemultisprmstabat,utetampluitireetrum</strong></span> 
     </span>
     <span class='ocr_line' id='line_1_90' title="bbox 842 4241 1654 4321; baseline -0.007 -12"><span class='ocrx_word' id='word_1_666' title='bbox 842 4264 1008 4321; x_wconf 86' lang='lat' dir='ltr'><strong>sumptuosum</strong></span> <span class='ocrx_word' id='word_1_667' title='bbox 1018 4264 1042 4307; x_wconf 90' lang='lat' dir='ltr'><strong>et</strong></span> <span class='ocrx_word' id='word_1_668' title='bbox 1052 4258 1211 4319; x_wconf 82' lang='lat' dir='ltr'><strong>inagniiieum,</strong></span> <span class='ocrx_word' id='word_1_669' title='bbox 1221 4254 1281 4304; x_wconf 87' lang='lat' dir='ltr'><strong>eiad</strong></span> <span class='ocrx_word' id='word_1_670' title='bbox 1292 4256 1344 4303; x_wconf 81' lang='lat' dir='ltr'><strong>baec</strong></span> <span class='ocrx_word' id='word_1_671' title='bbox 1355 4254 1450 4303; x_wconf 85' lang='lat' dir='ltr'><strong>balneas</strong></span> <span class='ocrx_word' id='word_1_672' title='bbox 1459 4258 1484 4304; x_wconf 87' lang='lat' dir='ltr'><strong>et</strong></span> <span class='ocrx_word' id='word_1_673' title='bbox 1495 4256 1616 4317; x_wconf 78' lang='lat' dir='ltr'><strong>porticus,</strong></span> <span class='ocrx_word' id='word_1_674' title='bbox 1649 4241 1654 4249; x_wconf 57' lang='grc'><strong><em>’</em></strong></span> 
     </span>
     <span class='ocr_line' id='line_1_91' title="bbox 842 4342 1616 4407; baseline -0.004 -13"><span class='ocrx_word' id='word_1_675' title='bbox 842 4346 865 4395; x_wconf 89' lang='lat' dir='ltr'><strong>in</strong></span> <span class='ocrx_word' id='word_1_676' title='bbox 876 4346 940 4394; x_wconf 89' lang='lat' dir='ltr'><strong>nulio</strong></span> <span class='ocrx_word' id='word_1_677' title='bbox 949 4359 1021 4407; x_wconf 87' lang='lat' dir='ltr'><strong>opere</strong></span> <span class='ocrx_word' id='word_1_678' title='bbox 1033 4344 1168 4406; x_wconf 84' lang='lat' dir='ltr'><strong>sumptibus</strong></span> <span class='ocrx_word' id='word_1_679' title='bbox 1177 4342 1294 4405; x_wconf 79' lang='lat' dir='ltr'><strong>parcendo</strong></span> <span class='ocrx_word' id='word_1_680' title='bbox 1306 4342 1437 4404; x_wconf 89' lang='lat' dir='ltr'><strong>quidquam</strong></span> <span class='ocrx_word' id='word_1_681' title='bbox 1447 4342 1616 4404; x_wconf 89' lang='lat' dir='ltr'><strong>autspiendori</strong></span> 
     </span>
    </p>
   </div>
   <div class='ocr_carea' id='block_1_16' title="bbox 842 4429 1617 4817">
    <p class='ocr_par' dir='ltr' id='par_1_20' title="bbox 842 4429 1617 4817">
     <span class='ocr_line' id='line_1_92' title="bbox 842 4429 1617 4494; baseline -0.001 -14"><span class='ocrx_word' id='word_1_682' title='bbox 842 4434 893 4494; x_wconf 82' lang='lat' dir='ltr'><strong>ejus</strong></span> <span class='ocrx_word' id='word_1_683' title='bbox 912 4434 953 4479; x_wconf 91' lang='lat' dir='ltr'><strong>aui</strong></span> <span class='ocrx_word' id='word_1_684' title='bbox 969 4430 1125 4491; x_wconf 78' lang='lat' dir='ltr'><strong>magnitudini</strong></span> <span class='ocrx_word' id='word_1_685' title='bbox 1145 4429 1280 4479; x_wconf 83' lang='lat' dir='ltr'><strong>detrahens.</strong></span> <span class='ocrx_word' id='word_1_686' title='bbox 1311 4433 1338 4478; x_wconf 91' lang='lat' dir='ltr'><strong>ln</strong></span> <span class='ocrx_word' id='word_1_687' title='bbox 1351 4429 1379 4477; x_wconf 86' lang='lat' dir='ltr'><strong>iis</strong></span> <span class='ocrx_word' id='word_1_688' title='bbox 1398 4434 1478 4477; x_wconf 87' lang='lat' dir='ltr'><strong>eutem</strong></span> <span class='ocrx_word' id='word_1_689' title='bbox 1494 4429 1617 4491; x_wconf 73' lang='lat' dir='ltr'><strong>magnifica</strong></span> 
     </span>
     <span class='ocr_line' id='line_1_93' title="bbox 843 4510 1616 4572; baseline -0.006 -9"><span class='ocrx_word' id='word_1_690' title='bbox 843 4512 1009 4563; x_wconf 79' lang='lat' dir='ltr'><strong>mnseersudia</strong></span> <span class='ocrx_word' id='word_1_691' title='bbox 1027 4512 1139 4572; x_wconf 81' lang='lat' dir='ltr'><strong>proluens</strong></span> <span class='ocrx_word' id='word_1_692' title='bbox 1156 4516 1222 4571; x_wconf 90' lang='lat' dir='ltr'><strong>erat,</strong></span> <span class='ocrx_word' id='word_1_693' title='bbox 1238 4511 1349 4561; x_wconf 78' lang='lat' dir='ltr'><strong>exhibitis</strong></span> <span class='ocrx_word' id='word_1_694' title='bbox 1365 4513 1389 4559; x_wconf 91' lang='lat' dir='ltr'><strong>irr</strong></span> <span class='ocrx_word' id='word_1_695' title='bbox 1406 4512 1500 4559; x_wconf 87' lang='lat' dir='ltr'><strong>tireatro</strong></span> <span class='ocrx_word' id='word_1_696' title='bbox 1517 4510 1616 4572; x_wconf 87' lang='lat' dir='ltr'><strong>quidem</strong></span> 
     </span>
     <span class='ocr_line' id='line_1_94' title="bbox 843 4583 1611 4657; baseline -0.004 -14"><span class='ocrx_word' id='word_1_697' title='bbox 843 4594 996 4657; x_wconf 80' lang='lat' dir='ltr'><strong>spectaculis,</strong></span> <span class='ocrx_word' id='word_1_698' title='bbox 1011 4593 1170 4655; x_wconf 80' lang='lat' dir='ltr'><strong>traductisque</strong></span> <span class='ocrx_word' id='word_1_699' title='bbox 1179 4606 1208 4641; x_wconf 89' lang='lat' dir='ltr'><strong>eo</strong></span> <span class='ocrx_word' id='word_1_700' title='bbox 1217 4593 1361 4641; x_wconf 81' lang='lat' dir='ltr'><strong>musicorum</strong></span> <span class='ocrx_word' id='word_1_701' title='bbox 1370 4583 1441 4640; x_wconf 83' lang='lat' dir='ltr'><strong>omne</strong></span> <span class='ocrx_word' id='word_1_702' title='bbox 1449 4604 1525 4652; x_wconf 85' lang='lat' dir='ltr'><strong>genus</strong></span> <span class='ocrx_word' id='word_1_703' title='bbox 1535 4596 1611 4640; x_wconf 84' lang='lat' dir='ltr'><strong>certa·</strong></span> 
     </span>
     <span class='ocr_line' id='line_1_95' title="bbox 844 4672 1615 4737; baseline -0.005 -12"><span class='ocrx_word' id='word_1_704' title='bbox 844 4676 962 4732; x_wconf 85' lang='lat' dir='ltr'><strong>rniuibus,</strong></span> <span class='ocrx_word' id='word_1_705' title='bbox 980 4680 1004 4723; x_wconf 92' lang='lat' dir='ltr'><strong>el</strong></span> <span class='ocrx_word' id='word_1_706' title='bbox 1017 4686 1167 4737; x_wconf 70' lang='lat' dir='ltr'><strong>quaecuuque</strong></span> <span class='ocrx_word' id='word_1_707' title='bbox 1185 4674 1275 4721; x_wconf 73' lang='lat' dir='ltr'><strong>variana</strong></span> <span class='ocrx_word' id='word_1_708' title='bbox 1295 4672 1474 4721; x_wconf 80' lang='lat' dir='ltr'><strong>delectationem</strong></span> <span class='ocrx_word' id='word_1_709' title='bbox 1490 4672 1615 4733; x_wconf 75' lang='lat' dir='ltr'><strong>alternent,</strong></span> 
     </span>
     <span class='ocr_line' id='line_1_96' title="bbox 844 4754 1616 4817; baseline -0.008 -10"><span class='ocrx_word' id='word_1_710' title='bbox 844 4760 867 4808; x_wconf 91' lang='lat' dir='ltr'><strong>iu</strong></span> <span class='ocrx_word' id='word_1_711' title='bbox 892 4758 1065 4817; x_wconf 82' lang='lat' dir='ltr'><strong>amphitheatro</strong></span> <span class='ocrx_word' id='word_1_712' title='bbox 1090 4770 1146 4805; x_wconf 87' lang='lat' dir='ltr'><strong>vero</strong></span> <span class='ocrx_word' id='word_1_713' title='bbox 1164 4754 1320 4816; x_wconf 80' lang='lat' dir='ltr'><strong>gladiatorum</strong></span> <span class='ocrx_word' id='word_1_714' title='bbox 1340 4766 1439 4802; x_wconf 74' lang='lat' dir='ltr'><strong>nunmro</strong></span> <span class='ocrx_word' id='word_1_715' title='bbox 1455 4754 1616 4802; x_wconf 87' lang='lat' dir='ltr'><strong>liberalitatem</strong></span> 
     </span>
    </p>
   </div>
   <div class='ocr_carea' id='block_1_17' title="bbox 23 4802 1626 5237">
    <p class='ocr_par' dir='ltr' id='par_1_21' title="bbox 23 4802 1626 5237">
     <span class='ocr_line' id='line_1_97' title="bbox 46 4802 1616 4909; baseline -0.003 -22"><span class='ocrx_word' id='word_1_716' title='bbox 46 4815 76 4871; x_wconf 54' lang='grc' dir='ltr'>τί</span> <span class='ocrx_word' id='word_1_717' title='bbox 93 4802 253 4909; x_wconf 54' lang='grc' dir='ltr'>ἀμδώεάῖδῳ</span> <span class='ocrx_word' id='word_1_718' title='bbox 266 4806 358 4877; x_wconf 51' lang='grc' dir='ltr'>πλήθει</span> <span class='ocrx_word' id='word_1_719' title='bbox 373 4806 530 4887; x_wconf 58' lang='grc' dir='ltr'>μονομάχων</span> <span class='ocrx_word' id='word_1_720' title='bbox 543 4808 590 4881; x_wconf 57' lang='grc' dir='ltr'><strong>τὴν</strong></span> <span class='ocrx_word' id='word_1_721' title='bbox 607 4814 684 4868; x_wconf 60' lang='grc' dir='ltr'>αὑτοῦ</span> <span class='ocrx_word' id='word_1_722' title='bbox 704 4808 801 4873; x_wconf 52' lang='grc' dir='ltr'>δεικνὺς</span> <span class='ocrx_word' id='word_1_723' title='bbox 843 4826 997 4897; x_wconf 65' lang='lat' dir='ltr'><strong>mundabit,</strong></span> <span class='ocrx_word' id='word_1_724' title='bbox 1008 4837 1048 4884; x_wconf 90' lang='lat' dir='ltr'><strong>ubi</strong></span> <span class='ocrx_word' id='word_1_725' title='bbox 1064 4835 1135 4883; x_wconf 86' lang='lat' dir='ltr'><strong>etiam</strong></span> <span class='ocrx_word' id='word_1_726' title='bbox 1146 4834 1284 4883; x_wconf 79' lang='lat' dir='ltr'><strong>catervatim</strong></span> <span class='ocrx_word' id='word_1_727' title='bbox 1300 4835 1434 4885; x_wconf 86' lang='lat' dir='ltr'><strong>oommissis</strong></span> <span class='ocrx_word' id='word_1_728' title='bbox 1444 4834 1616 4896; x_wconf 85' lang='lat' dir='ltr'><strong>pugnatoribus</strong></span> 
     </span>
     <span class='ocr_line' id='line_1_98' title="bbox 23 4888 1614 4983; baseline 0.001 -18"><span class='ocrx_word' id='word_1_729' title='bbox 23 4888 214 4965; x_wconf 53' lang='grc' dir='ltr'>Ψμῑίαθθνθῑανν</span> <span class='ocrx_word' id='word_1_730' title='bbox 237 4892 296 4951; x_wconf 66' lang='grc' dir='ltr'>ἔνθα</span> <span class='ocrx_word' id='word_1_731' title='bbox 321 4892 365 4951; x_wconf 61' lang='grc' dir='ltr'><strong>καὶ</strong></span> <span class='ocrx_word' id='word_1_732' title='bbox 387 4894 434 4962; x_wconf 61' lang='grc' dir='ltr'><strong>τὴν</strong></span> <span class='ocrx_word' id='word_1_733' title='bbox 460 4894 526 4953; x_wconf 62' lang='lat'><strong>’²²²3‘</strong></span> <span class='ocrx_word' id='word_1_734' title='bbox 551 4898 648 4968; x_wconf 62' lang='grc' dir='ltr'>πλῆθος</span> <span class='ocrx_word' id='word_1_735' title='bbox 672 4894 800 4962; x_wconf 55' lang='grc' dir='ltr'>ἀντίταξιν</span> <span class='ocrx_word' id='word_1_736' title='bbox 845 4926 988 4983; x_wconf 84' lang='lat' dir='ltr'><strong>spectatorea</strong></span> <span class='ocrx_word' id='word_1_737' title='bbox 1001 4920 1122 4968; x_wconf 85' lang='lat' dir='ltr'><strong>oblectare</strong></span> <span class='ocrx_word' id='word_1_738' title='bbox 1137 4918 1305 4977; x_wconf 83' lang='lat' dir='ltr'><strong>roiena,duas</strong></span> <span class='ocrx_word' id='word_1_739' title='bbox 1317 4920 1427 4967; x_wconf 69' lang='grc' dir='ltr'>συντονίαν</span> <span class='ocrx_word' id='word_1_740' title='bbox 1435 4918 1516 4966; x_wconf 87' lang='lat' dir='ltr'><strong>emisit</strong></span> <span class='ocrx_word' id='word_1_741' title='bbox 1526 4918 1614 4980; x_wconf 87' lang='lat' dir='ltr'><strong>septin-</strong></span> 
     </span>
     <span class='ocr_line' id='line_1_99' title="bbox 50 4969 1626 5076; baseline -0.001 -30"><span class='ocrx_word' id='word_1_742' title='bbox 50 4969 167 5076; x_wconf 49' lang='grc' dir='ltr'>δθθθθθῑῖς</span> <span class='ocrx_word' id='word_1_743' title='bbox 179 4980 296 5057; x_wconf 64' lang='grc' dir='ltr'>γενέσθνῑ</span> <span class='ocrx_word' id='word_1_744' title='bbox 312 4984 362 5038; x_wconf 72' lang='grc' dir='ltr'>τῶν</span> <span class='ocrx_word' id='word_1_745' title='bbox 380 4980 514 5055; x_wconf 64' lang='grc' dir='ltr'>θεωμένων</span> <span class='ocrx_word' id='word_1_746' title='bbox 526 4984 614 5063; x_wconf 65' lang='grc' dir='ltr'>τέρψιν</span> <span class='ocrx_word' id='word_1_747' title='bbox 633 4982 801 5047; x_wconf 73' lang='grc' dir='ltr'>ἑπτακοσίους</span> <span class='ocrx_word' id='word_1_748' title='bbox 845 5006 969 5062; x_wconf 89' lang='lat' dir='ltr'><strong>gentorum</strong></span> <span class='ocrx_word' id='word_1_749' title='bbox 980 5013 1102 5062; x_wconf 87' lang='lat' dir='ltr'><strong>quamque</strong></span> <span class='ocrx_word' id='word_1_750' title='bbox 1116 4999 1239 5047; x_wconf 83' lang='lat' dir='ltr'><strong>bominum</strong></span> <span class='ocrx_word' id='word_1_751' title='bbox 1255 4998 1297 5059; x_wconf 89' lang='lat' dir='ltr'><strong>qui</strong></span> <span class='ocrx_word' id='word_1_752' title='bbox 1314 4998 1395 5061; x_wconf 68' lang='lat' dir='ltr'><strong>praelio</strong></span> <span class='ocrx_word' id='word_1_753' title='bbox 1406 4998 1626 5058; x_wconf 79' lang='lat' dir='ltr'><strong>congrederentur,-</strong></span> 
     </span>
     <span class='ocr_line' id='line_1_100' title="bbox 49 5068 1618 5151; baseline 0.002 -29"><span class='ocrx_word' id='word_1_754' title='bbox 49 5068 297 5145; x_wconf 63' lang='lat' dir='ltr'><strong>tripartitamque</strong></span> <span class='ocrx_word' id='word_1_755' title='bbox 311 5071 509 5149; x_wconf 76' lang='grc' dir='ltr'>μαχησομένους</span> <span class='ocrx_word' id='word_1_756' title='bbox 521 5070 635 5151; x_wconf 83' lang='grc' dir='ltr'>ἔπεμψε,</span> <span class='ocrx_word' id='word_1_757' title='bbox 644 5072 801 5150; x_wconf 88' lang='grc' dir='ltr'>κακούργους</span> <span class='ocrx_word' id='word_1_758' title='bbox 846 5082 957 5130; x_wconf 88' lang='lat' dir='ltr'><strong>rualeticis</strong></span> <span class='ocrx_word' id='word_1_759' title='bbox 976 5084 1128 5142; x_wconf 85' lang='lat' dir='ltr'><strong>quotcunque</strong></span> <span class='ocrx_word' id='word_1_760' title='bbox 1142 5079 1224 5127; x_wconf 81' lang='lat' dir='ltr'><strong>lrabuit</strong></span> <span class='ocrx_word' id='word_1_761' title='bbox 1239 5080 1263 5126; x_wconf 92' lang='lat' dir='ltr'><strong>in</strong></span> <span class='ocrx_word' id='word_1_762' title='bbox 1278 5079 1323 5127; x_wconf 88' lang='lat' dir='ltr'><strong>boe</strong></span> <span class='ocrx_word' id='word_1_763' title='bbox 1336 5079 1416 5140; x_wconf 86' lang='lat' dir='ltr'><strong>ipsum</strong></span> <span class='ocrx_word' id='word_1_764' title='bbox 1432 5078 1578 5140; x_wconf 81' lang='lat' dir='ltr'><strong>designatis,</strong></span> <span class='ocrx_word' id='word_1_765' title='bbox 1591 5080 1618 5125; x_wconf 90' lang='lat' dir='ltr'><strong>ut</strong></span> 
     </span>
     <span class='ocr_line' id='line_1_101' title="bbox 50 5135 1616 5237; baseline 0.012 -44"><span class='ocrx_word' id='word_1_766' title='bbox 50 5135 113 5211; x_wconf 81' lang='grc' dir='ltr'>όσους</span> <span class='ocrx_word' id='word_1_767' title='bbox 128 5141 191 5231; x_wconf 75' lang='grc' dir='ltr'>εἶχεν</span> <span class='ocrx_word' id='word_1_768' title='bbox 203 5156 331 5225; x_wconf 83' lang='grc' dir='ltr'>ἀποτάξας</span> <span class='ocrx_word' id='word_1_769' title='bbox 343 5161 378 5223; x_wconf 80' lang='grc' dir='ltr'><strong>είς</strong></span> <span class='ocrx_word' id='word_1_770' title='bbox 394 5158 468 5227; x_wconf 87' lang='grc' dir='ltr'>τήνδε</span> <span class='ocrx_word' id='word_1_771' title='bbox 480 5156 527 5228; x_wconf 78' lang='grc' dir='ltr'><strong>τήν</strong></span> <span class='ocrx_word' id='word_1_772' title='bbox 541 5158 643 5237; x_wconf 76' lang='grc' dir='ltr'>πρᾶξιν,</span> <span class='ocrx_word' id='word_1_773' title='bbox 656 5158 698 5217; x_wconf 67' lang='grc' dir='ltr'><strong>ἵνα</strong></span> <span class='ocrx_word' id='word_1_774' title='bbox 715 5162 738 5217; x_wconf 70' lang='grc' dir='ltr'><strong>οἱ</strong></span> <span class='ocrx_word' id='word_1_775' title='bbox 755 5159 801 5236; x_wconf 77' lang='grc' dir='ltr'>μὲν</span> <span class='ocrx_word' id='word_1_776' title='bbox 846 5162 889 5223; x_wconf 82' lang='lat' dir='ltr'><strong>ipsi</strong></span> <span class='ocrx_word' id='word_1_777' title='bbox 902 5161 998 5223; x_wconf 74' lang='lat' dir='ltr'><strong>rpiirleru</strong></span> <span class='ocrx_word' id='word_1_778' title='bbox 1014 5175 1082 5223; x_wconf 76' lang='lat' dir='ltr'><strong>puna</strong></span> <span class='ocrx_word' id='word_1_779' title='bbox 1095 5160 1253 5217; x_wconf 73' lang='lat' dir='ltr'><strong>abluerentur,</strong></span> <span class='ocrx_word' id='word_1_780' title='bbox 1264 5159 1329 5221; x_wconf 84' lang='lat' dir='ltr'><strong>quod</strong></span> <span class='ocrx_word' id='word_1_781' title='bbox 1347 5172 1403 5209; x_wconf 85' lang='lat' dir='ltr'><strong>vero</strong></span> <span class='ocrx_word' id='word_1_782' title='bbox 1416 5160 1478 5209; x_wconf 88' lang='lat' dir='ltr'><strong>bello</strong></span> <span class='ocrx_word' id='word_1_783' title='bbox 1491 5158 1616 5220; x_wconf 72' lang='lat' dir='ltr'><strong>genituris</strong></span> 
     </span>
    </p>
   </div>
   <div class='ocr_carea' id='block_1_18' title="bbox 0 0 1958 6084">
    <p class='ocr_par' dir='ltr' id='par_1_22' title="bbox 0 0 1958 6084">
     <span class='ocr_line' id='line_1_102' title="bbox 0 0 1958 6084; baseline 0 0"><span class='ocrx_word' id='word_1_784' title='bbox 0 0 1958 6084; x_wconf 95' lang='lat' dir='ltr'><strong> </strong></span> 
     </span>
    </p>
   </div>
  </div>
 </body>
</html>
