3859 6084
532 474 663 549 AttTtQ.
684 472 764 535 sbti.
787 470 857 533 [ΑΒ.
880 471 959 531 xttt.
980 471 1063 533 cte.
1086 470 1122 531 x.

56 611 90 669 τὸν
100 604 307 687 ἀπεχθανομένων
320 605 331 685 ή
337 602 445 685 πονηρός
458 602 508 685 γάρ
518 596 565 681 ήν)
583 606 627 663 καὶ
648 602 807 685 πεμψάντων
853 610 975 661 misissent
992 610 1022 659 ad
1040 610 1210 669 Ptotenueum,
1229 608 1268 657 cui
1286 607 1396 669 Physcon
1413 620 1544 669 cognomen
1563 609 1629 667 erat,

55 700 106 777 πρὸς
118 696 274 771 Πτολεμαῖον
287 694 330 751 τόν
345 692 479 753 Φύσκωνα
491 690 663 763 ἀπικληθίντα
673 689 808 771 πρίσθεις,
852 716 956 779 legno„
967 716 1046 766 „mhi
1055 716 1232 778 mmmm,
1239 714 1367 765 (1059qu
1374 728 1472 775 geum,
1480 715 1522 775 quq
1531 726 1630 775 ,egum

56 784 113 848 ὅπως
126 781 241 840 τινὰτῶν
256 782 340 839 ἀκτοῦ
357 777 485 839 Σελεύκου
498 777 586 857 γόνους
599 780 709 857 παραδῷ
723 779 810 842 αὐτοῖς
854 821 986 883 acciperet,
999 826 1025 870 et
1041 820 1184 870 ptoloms
1197 819 1302 869 mima
1315 817 1476 868 Alexandrum
1491 817 1631 877 mmmm

57 476 164 555 issum.)
1400 468 1525 545 [secum]
1568 475 1627 529 50⁵

56 869 232 949 ἀποληψόμενον
246 866 294 939 τήν
310 866 451 948 βασιλείαν,
465 864 550 925 τοῦδε
564 863 731 941 Πτολεμαίου
742 862 810 939 πίμ-

38 962 133 1038 ιήνεντος
145 955 305 1035 Ἀλέξανδρον
318 954 384 1031 μετά
395 960 507 1033 στρατοῦ
516 952 560 1011 τὸν
572 952 683 1013 Ζεάινᾶν
695 950 811 1026 ἀπιλεγό-

58 1069 117 1121 μννην
130 1044 171 1102 καὶ
181 1042 268 1121 μάχης
277 1042 342 1121 πρὸς
352 1042 395 1099 τὸν
410 1040 560 1119 Δημήτριον
572 1038 726 1116 γενομένης,
740 1034 812 1113 όμλν
856 1039 894 1089 itte
905 1040 1002 1102 quidem
1014 1041 1098 1104 praelio
1113 1041 1192 1091 rictus
1205 1040 1237 1089 ad
1250 1039 1399 1102 cleopatram
1411 1052 1511 1089 uxorem
1526 1037 1631 1097 oouiugit

58 1132 195 1209 theoderi
206 1132 281 1209 editt
293 1128 381 1210 θῑύλῑ*
390 1130 452 1205 πρὸς
465 1127 634 1206 Κλεοπάτρα*
643 1124 690 1199 ιἀλλ’
702 1128 812 1203 Υυνῦιῖκῦι
856 1146 1039 1208 Ptolemaidem,
1050 1151 1122 1209 atque
1131 1146 1164 1195 ab
1177 1160 1251 1196 uxore
1266 1159 1313 1195 uon
1324 1145 1458 1206 admissus,
1473 1137 1529 1193 in'de
1540 1147 1630 1205 Tyrum

59 1214 266 1326 Εἷς,Πωλεμαΐδα’
278 1216 325 1275 καὶ
335 1216 371 1293 μὴ
384 1214 523 1292 δεξαμένης
536 1210 613 1319 αῦῶῗ
622 1219 669 1286 τῆς
677 1209 811 1291 Υυναῑχὸῆ
857 1254 977 1315 proiectus
990 1254 1090 1317 canitur,
1108 1254 1231 1315 mutisque
1246 1265 1332 1315 passus
1342 1252 1374 1300 ab
1383 1252 1493 1301 osoribus
1506 1252 1556 1301 suis
1567 1250 1631 1299 diem

59 1312 133 1365 εἐειθεν
143 1308 175 1373 είς
184 1306 209 1367 T
210 1304 270 1386 ύρον
281 1304 401 1363 ἀπελθὼν
412 1302 561 1373 ἁλίσκεται,
571 1324 615 1359 και
628 1296 713 1357 πολλά
723 1296 812 1355 παθὼν

35 1393 96 1451 hiri
106 1398 150 1451 τῶν
167 1391 311 1469 μισούντων
329 1389 464 1449 ἀπέθανεν·
479 1386 641 1466 Ἀλέξανδρος
655 1384 682 1443 δὲ
696 1383 743 1455 τήν
759 1388 814 1463 βα-

59 1478 311 1559 σιλείανταραλαὸὼν
324 1478 412 1559 ιριλίαν
427 1478 539 1535 ποιεῖται
550 1474 614 1555 πρὸς
627 1471 756 1551 Ὑρκανὸν
769 1470 813 1529 τὸν
858 1471 915 1519 iiam
932 1469 976 1519 inii
993 1482 1049 1518 cum
1068 1472 1178 1531 Hyrcano
1195 1466 1319 1531 μουθίὶυες
1336 1464 1421 1515 deiude
1438 1465 1499 1515 beiio
1514 1464 1633 1527 petitura

59 1568 166 1649 θρχυμία·
182 1568 274 1627 ἔπειτα
292 1564 490 1641 πολεμήσαντος
509 1564 579 1641 αὐτῷ
600 1566 644 1619 τοῦ
663 1558 814 1640 Λημητρίθθ
859 1576 971 1625 Demetrii
988 1575 1037 1625 titio
1052 1575 1183 1637 Antiocho,
1198 1574 1236 1624 cui
1251 1578 1565 1637 Grypusoognotnenerat,
1582 1574 1634 1623 acie

856 930 967 982 zebinam
981 943 1037 979 cum
1053 930 1175 991 exercitu,
1185 931 1211 978 et
1227 941 1305 991 pugna
1320 941 1374 977 cnm
1392 924 1512 976 Demetrio
1520 925 1630 984 iniretur,

858 1375 996 1424 supremum
1012 1362 1084 1424 obiit;
1096 1359 1228 1411 Alexander
1239 1372 1309 1419 vero,
1323 1370 1420 1419 motum
1429 1358 1543 1421 adeptus,
1553 1358 1632 1407 amici·

59 1656 130 1722 παιδός
143 1653 271 1733 Ἀντιόχου
284 1658 331 1712 τοῦ
342 1655 444 1733 Γρυποῦ
459 1648 641 1721 ἐπικληθέντος
655 1645 814 1723 ήττηθεὶςτή

61 1744 118 1823 μάχη
129 1742 310 1824 διαφθείρεται.

352 1872 443 1931 ΚΕΦ.
465 1868 495 1929 l'.

36 2018 52 2055 ιι
92 1996 248 2081 Παραλαθὼν
258 1996 285 2055 δὲ
300 1994 349 2068 τήν
362 1999 407 2066 τῆς
420 1992 516 2073 Συρίας
528 1990 662 2071 βασιλείαν
677 1989 816 2067 Ἀντίοχος,

61 2089 94 2145 ἐπὶ
106 2086 146 2164 μὲν
155 2085 199 2156 τήν
209 2083 341 2146 Ἰουδαίαν
354 2080 503 2161 στρατεύειν
515 2076 627 2147 εὐλαύής
640 2068 682 2159 ήν,
691 2073 734 2134 τὸν
745 2074 817 2133 ἀδελ·

63 2176 96 2257 ρθν
108 2174 198 2233 ἀκούων
209 2172 252 2231 τῦν
264 2168 425 2249 ὁμομήτριον
437 2166 584 2245 (Ἀντίοχος
593 2165 620 2223 δὲ
632 2168 746 2229 κάκεῖνος
758 2164 817 2219 ἀκα-

63 2265 125 2339 istro>
136 2260 239 2336 δύναμιν
250 2262 293 2317 ἀπ’
305 2257 382 2316 αὐτόν
393 2254 445 2314 dni
455 2253 568 2321 Κυζίκου
578 2250 720 2327 συλλέγειν.
764 2246 817 2307 Μί·

63 2374 100 2407 νων
112 2348 135 2407 δὲ
145 2348 208 2409 κατά
219 2347 310 2427 χώραν
324 2345 390 2423 ἔγνω
401 2340 608 2423 παρασκευάζειν
624 2336 700 2395 αὑτὸν
717 2334 761 2393 ἐπί
772 2334 818 2405 τήν

38 2439 135 2517 binubos
146 2436 190 2507 τήν
202 2437 332 2517 τάδελφοῦ
340 2477 348 2505 ,
363 2432 389 2499 d<
405 2428 547 2501 Κυζικηνὸς
560 2426 605 2503 μὲν
619 2423 763 2495 ἐπεκλήθη,
777 2420 819 2479 διά

64 2527 86 2583 τ“ο
94 2530 209 2605 τραρήναι
218 2527 243 2583 ἐν
254 2520 339 2600 ταύτῃ
355 2523 388 2599 τῇ
402 2517 490 2588 πόλει,
502 2512 599 2592 πατρὸς
609 2514 630 2569 δ’
646 2502 677 2582 ήν
688 2509 819 2587 Ἀντιόχου

65 2620 98 2671 τοῦ
116 2616 227 2691 Σωτῆρος
244 2606 439 2680 ἐπικληθέντος,
461 2604 487 2670 ὃς
505 2606 530 2661 ἐν
551 2600 663 2680 Πάρθοις
685 2596 818 2655 ἀπέθανεν·

65 2694 121 2767 chrm
137 2700 161 2757 δὲ
180 2697 288 2779 eistete
308 2687 339 2767 ήν
359 2689 511 2771 Δημητρίου
528 2692 572 2747 τοῦ
591 2689 695 2765 Γρυποῦ
713 2681 819 2761 πατρός.

67 2788 149 2861 Σωέόη
168 2786 253 2865 μέντοι
267 2784 332 2862 μίαν
347 2782 399 2848 τοῖς
417 2779 490 2839 δυσὶν
505 2775 622 2855 ἀδελροῖς
640 2776 724 2847 γῆμαι
738 2772 820 2829 Κλεο-

40 2876 158 2954 scirpeo,
173 2880 205 2941 ὡς
216 2873 261 2933 καλ
279 2874 306 2930 ἐν
325 2865 605 2945 ἀλλοιςίστορήκαμεν.
647 2859 680 2919 ‘0
697 2856 724 2915 δὲ
741 2860 821 2925 Κυζι-

68 2962 126 3033 κηνός
134 2962 255 3041 Ἀντίοχος
263 2956 475 3038 παραγενόμενος
484 2956 518 3017 εἰς
531 2950 628 3031 Συρίαν
639 2950 743 3013 πολλοῖς
753 2944 821 3003 ίτεσι

68 3050 116 3129 πρὸς
132 3048 171 3107 τόν
194 3046 306 3128 ἀδελφὸν
332 3045 455 3121 πολεμῶν
480 3038 596 3099 διετέλει.
646 3034 772 3117 Ὑρκανὸς
791 3017 822 3089 Ιδὲ

68 3138 136 3195 πάντα
148 3136 189 3196 τὸν
206 3135 303 3216 χρόνον
317 3136 414 3191 ἐκεῖνον
428 3132 455 3188 ἓν
469 3126 558 3207 εἰρήνη
576 3127 660 3203 διῆγε.
702 3122 756 3183 Καὶ
772 3119 822 3199 γάρ

69 3226 127 3291 αὐτὸς
146 3224 207 3301 μετὰ
225 3222 273 3293 τήν
295 3218 426 3299 Ἀντιόχου
445 3214 568 3285 τελευτήν
594 3215 646 3271 τῶν
665 3208 823 3271 Μακεδόνων

43 3310 163 3383 cirrium,
178 3311 221 3369 καὶ
232 3308 294 3369 ούτε
307 3312 341 3373 ὡς
355 3304 466 3375 ὑπήκοος
478 3300 536 3361 οὔτε
550 3304 584 3367 ὡς
598 3300 671 3381 ρίλος
683 3300 768 3361 αὐτοῖς
781 3297 822 3353 οὐ·

70 3398 101 3454 Ab
111 3400 143 3456 ἔτι
153 3408 285 3480 παρεῖχεν,
300 3396 358 3453 ἀλλ’
369 3386 400 3465 ήν
411 3393 481 3471 αὐτῷ
493 3388 526 3447 τά
538 3386 681 3470 πράγματα
694 3386 719 3441 ε’ν
734 3382 822 3441 ἀπιδό-

70 3488 180 3567 οειπολλῇ
189 3486 233 3544 καλ
247 3488 322 3562 ἀκμῇ
337 3479 405 3541 κατά
418 3476 477 3544 τοὺς
490 3475 655 3553 Ἀλεξάνδρου
670 3476 714 3530 τοῦ
729 3470 825 3531 Zebud

71 3572 168 3651 καιρούς,
185 3572 229 3631 καλ
248 3569 356 3649 μάλιστ’
370 3566 413 3627 ἐπὶ
429 3564 526 3629 τούτοις
542 3570 594 3627 τοῖς
614 3560 740 3639 ἀδελφοῖς.
790 3556 824 3617 Ὁ

71 3657 109 3739 rip
125 3660 182 3739 πρὸς
201 3658 329 3731 ἀλλήλους
348 3654 433 3721 αὐτοῖς
451 3650 564 3727 πόλεμος
586 3646 683 3726 σχολήν
702 3645 825 3723 Ὑρκανῷ

46 3752 210 3823 ειιαρποῦσθαι
223 3741 354 3807 Ἰουδαίαν
366 3742 407 3799 ἐπ’
424 3736 511 3804 ἀδείας
519 3732 663 3813 παρέσχεν,
676 3736 709 3797 ὡς
720 3730 824 3809 ἀπειρόν

72 3856 91 3889 τι
103 3837 186 3904 πλῆθος
196 3832 340 3913 χρημάτων
354 3826 518 3903 συναγαγεῖν.
533 3826 588 3882 Τοῦ
604 3819 691 3897 μέντοι
701 3840 730 3895 γε
745 3822 825 3885 Κυζι-

73 3928 135 3991 κηνοῦ
147 3923 189 3992 τήν
201 3926 247 4000 γῆν
260 3922 401 3981 κακοῦντος
412 3915 528 3995 φανερῶς
537 3908 582 3968 καὶ
594 3907 669 3974 αὐτὸς
677 3906 724 3977 τήν
734 3909 826 3963 ἑαυτοῦ

74 4009 199 4089 προαίρεσιν
210 4007 381 4069 ἐπεδείκνυτο·
393 4002 437 4062 καὶ
449 4004 500 4059 τῶν
512 4002 559 4056 ἀπ’
575 3994 707 4074 Αἰγύπτου
722 3991 826 4069 συμμά-

73 4118 115 4173 χων
125 4096 212 4178 ἔρημον
222 4100 288 4179 δρῶν
299 4093 342 4153 τὸν
353 4090 491 4167 Ἀντίοχον,
502 4086 547 4145 καί
555 4083 632 4142 αὐτόν
641 4106 669 4140 τε
680 4082 827 4160 πράττοντα

49 4189 143 4251 ussus<
156 4186 197 4243 καὶ
216 4186 259 4243 τὸν
279 4178 389 4261 ἀδελρδν
410 4180 488 4235 αὐτοῦ
508 4176 606 4238 ἐντοῖς
625 4170 687 4251 πρὸς
703 4171 828 4240 ἀλλήλους

76 4274 162 4343 ἀγῶσιν,
174 4270 324 4353 ἀμφοτέρων
335 4264 534 4346 κατεφρόνησεν.

107 4358 135 4435 β’.
156 4360 205 4419 tint
214 4354 348 4439 στρατεύει
360 4352 406 4431 μὲν
418 4350 461 4409 ἐπὶ
472 4346 626 4427 Σαμάρειαν
640 4342 716 4402 πολιν
729 4344 829 4421 ὀχυρω-

78 4444 150 4521 τάτην,
160 4446 216 4526 περλ
224 4440 255 4519 ής
269 4443 308 4503 ὅτι
318 4444 437 4502 καλεῖται
449 4442 493 4495 νῦν
503 4430 626 4502 {ebeni-h
637 4435 768 4489 κτισθεῖσα
781 4428 830 4485 tri

79 4528 176 4610 Ἡρώδου
185 4531 252 4591 κατόν
261 4530 351 4611 χώραν
362 4524 520 4601 δηλώσομεν.
554 4516 717 4601 Προσύαλὼν
730 4517 754 4573 δ’
764 4516 830 4593 αὐτῇ

51 4620 199 4696 ιιριλοπόνως
222 4618 383 4696 ἐπολιόρκει,
408 4612 589 4691 μισοπονηρῶν
613 4614 665 4672 τοῖς
691 4607 830 4683 Σαμαρεῦ-

80 4726 110 4761 nu
127 4707 184 4787 ὑπὲρ
201 4698 235 4767 ὧν
256 4697 591 4785 Μαρισσηνοθς,’ἀποίκους
609 4692 683 4758 ὄντας
698 4688 832 4751 Ἰουδαίων

80 4790 114 4849 καί
128 4794 282 4875 συμμάχους,
296 4791 434 4863 ἠδίκησαν,
453 4782 625 4848 θπακούοντες
640 4788 693 4846 τοῖς
712 4782 763 4836 τῶν
778 4776 832 4836 Σύ-

82 4900 120 4953 ριον
135 4886 269 4959 βασιλεῦσι.
320 4862 477 4957 Πέριθαλὼν
496 4864 539 4931 οῦν
555 4869 651 4951 τάρρον
669 4862 832 4944 πανταχόθεν

81 4968 106 5042 τῇ
129 4969 195 5027 πόλει
217 4970 261 5028 καὶ
285 4969 391 5027 διπλοῦν
414 4970 499 5041 τεῖχος
525 4958 577 5016 ἀπὸ
602 4956 711 5015 σταδίων
738 4948 833 5030 ὀγδοή-

56 5072 159 5131 ιοιοντα,
175 5054 230 5122 τοθς
247 5054 315 5121 niobe
332 5050 478 5132 ἐρίπῃσιν,
499 5044 640 5122 Ἀντίγονον
657 5040 701 5099 καλ
720 5037 833 5117 Ἀριστό-

85 5137 166 5201 θθνλῡν.
205 5135 257 5203 Ὧν
271 5138 449 5217 ἐπικειμένων,
468 5138 502 5203 εἰς
516 5139 592 5193 τοῦτο
606 5128 721 5209 ἀνάγκης
734 5124 784 5183 ὑπὸ
798 5126 835 5181 λι-

85 5232 124 5301 μοῦ
143 5236 297 5311 προαχθῆναι
315 5228 374 5294 τοῦς
393 5224 525 5304 Σαμαρεῖς
543 5218 690 5288 συνέπεσεν,
709 5217 744 5280 όις
762 5214 834 5293 ἀμα-

860 1692 992 1741 debeilttitts
999 1691 1120 1741 occubuit.

1116 1854 1197 1914 css.
1218 1854 1254 1912 x.
1276 1852 1400 1928 (κνιιι.)

891 2006 1002 2054 Ceterum
1018 1992 1163 2061 Antiochus,
1184 2013 1256 2062 regno
1271 2000 1346 2060 syrie
1363 1998 1468 2061 potitm,
1486 1997 1511 2045 in
1526 1995 1635 2045 induam

861 2106 993 2159 exereitum
1001 2106 1088 2157 ducere
1097 2102 1278 2163 reformidem,
1288 2103 1370 2152 andito
1381 2116 1452 2153 suum
1462 2117 1493 2153 es
1504 2109 1579 2153 matre
1591 2103 1636 2151 tra·

862 2210 922 2257 hem
942 2208 992 2269 (cui
1010 2212 1034 2256 et
1051 2206 1098 2269 ipsi
1116 2204 1235 2255 Antiocho
1253 2216 1340 2253 nomen
1357 2204 1417 2266 erat)
1434 2206 1517 2253 contra
1532 2216 1558 2254 se
1573 2203 1636 2265 apud

862 2316 976 2377 cyzicum
987 2312 1074 2362 habere
1085 2312 1213 2363 detectum.
1247 2314 1331 2372 itaque
1340 2310 1401 2359 intra
1413 2310 1472 2359 tinea
1481 2323 1537 2358 snos
1546 2320 1572 2358 se
1581 2323 1637 2358 eou-

863 2418 940 2469 tinens
952 2420 1035 2469 statuit
1046 2420 1071 2468 in
1084 2418 1163 2467 iratris
1174 2417 1212 2467 sui
1224 2418 1347 2466 incursum
1358 2419 1433 2465 mmet
1439 2427 1585 2477 preparare,
1595 2414 1637 2475 qni

864 2524 994 2586 Cyzicenus
1007 2538 1022 2572 a
1033 2522 1121 2584 Cyzico
1131 2522 1203 2582 urbe,
1215 2520 1239 2569 iu
1250 2534 1298 2583 qus
1314 2519 1419 2568 irnhitus
1429 2520 1505 2576 esset,
1520 2516 1637 2577 cognomi·

864 2624 934 2669 natus
944 2625 994 2679 cst,
1004 2623 1155 2682 paheautem
1165 2624 1217 2668 erat
1225 2617 1341 2667 Antiocho
1350 2619 1444 2675 smero,
1456 2614 1496 2675 qui
1510 2612 1534 2661 in
1546 2612 1638 2661 Parthis

865 2718 979 2768 occubuit
989 2732 996 2765 ι
1008 2721 1106 2781 eratque
1116 2717 1136 2765 is
1147 2716 1219 2765 trater
1231 2713 1359 2773 Demetrii,
1370 2712 1443 2775 patris
1456 2709 1539 2772 Grypi.
1572 2710 1637 2758 Acci·

866 2816 901 2865 dit
914 2814 979 2863 onim
995 2820 1022 2863 ut
1038 2814 1134 2863 dnobus
1150 2812 1263 2861 iratribus
1274 2811 1374 2860 nuberet
1387 2811 1524 2872 cleopatra,
1541 2810 1605 2858 dont
1614 2816 1640 2859 et

865 2913 920 2962 niibi
937 2912 1095 2961 narrarimns.
1135 2911 1267 2973 cyzicenus
1284 2923 1339 2959 tero
1355 2908 1486 2959 Antiochus
1505 2908 1528 2955 in
1546 2908 1639 2967 syriam

867 3014 985 3079 proiectus
994 3012 1081 3062 multoe
1089 3024 1164 3061 moos
1174 3014 1255 3061 contra
1270 3010 1365 3059 tratrem
1378 3008 1466 3057 betium
1475 3006 1578 3068 gcrebat.
1611 3011 1641 3055 At

868 3120 991 3179 ityrcsnus
1003 3115 1056 3161 toto
1066 3124 1095 3161 eo
1109 3115 1216 3172 tempore
1232 3110 1325 3171 topace
1338 3107 1447 3169 degebat.
1479 3105 1572 3154 Etenim
1588 3111 1643 3167 post

867 3214 958 3262 obitum
975 3210 1087 3262 Antiochi
1102 3224 1116 3259 a
1131 3209 1301 3259 Macedonibus
1316 3208 1447 3269 deiecerat,
1457 3220 1501 3256 nec
1512 3207 1642 3269 quidquem

868 3314 902 3363 eis
912 3314 960 3376 iam
972 3324 1016 3361 nec
1029 3315 1057 3361 nt
1066 3309 1177 3361 subditus
1189 3322 1234 3359 nee
1244 3313 1271 3357 nt
1279 3307 1370 3356 unicus
1381 3308 1512 3370 prestabat
1523 3321 1530 3355 :
1540 3307 1598 3368 quin
1609 3319 1643 3355 rs·

869 3413 914 3463 bus
927 3411 1039 3461 secundis
1050 3409 1181 3459 εθιιιοθοω
1193 3409 1220 3457 et
1233 3407 1373 3457 tiorentibus
1390 3406 1502 3455 ntebetur
1517 3404 1643 3456 Aterantrt

869 3518 962 3565 zebinus
974 3512 1134 3576 temporibus,
1146 3514 1172 3560 et
1182 3510 1286 3559 maxime
1295 3508 1342 3559 sub
1352 3508 1389 3556 his
1398 3506 1520 3555 iratribus.
1551 3506 1644 3555 betium

869 3611 1025 3675 etiam,qnod
1035 3608 1284 3669 intereosqerebatur,
1293 3604 1428 3655 honitatem
1437 3606 1546 3665 ityrcauo
1555 3602 1644 3665 pr‘oebe·

870 3712 911 3761 bat
925 3709 1019 3758 huendi
1028 3708 1113 3759 Judrca
1124 3718 1221 3766 secure,
1235 3704 1268 3753 ita
1285 3708 1312 3752 nt
1325 3702 1431 3765 pecunie
1449 3702 1499 3749 rim
1509 3700 1645 3751 innumera·

871 3810 941 3861 bitem
953 3807 1107 3870 congesserit.
1145 3808 1234 3854 Tnmen
1251 3802 1368 3865 cyziceno
1381 3815 1450 3864 agros
1461 3802 1583 3863 vastante,
1596 3800 1646 3863 ipse

871 3920 968 3971 quicque
983 3909 1129 3955 voluntatem
1141 3916 1209 3951 suam
1220 3907 1301 3963 operta
1316 3899 1456 3949 ostendebat
1471 3914 1478 3947 :
1492 3905 1517 3948 et
1525 3899 1645 3949 desertum
1699 3948 1706 3959 x

871 4010 903 4059 ab
913 4008 1010 4071 Aegypti
1019 4007 1107 4056 auritio
1119 4004 1202 4053 ridens
1211 4001 1369 4060 Antiochum,
1383 4014 1412 4049 nc
1427 4007 1480 4050 tum
1498 4002 1577 4064 ipsum
1594 4004 1646 4048 tum

872 4109 925 4171 ejus
939 4107 1035 4155 tratrem
1047 4101 1138 4153 mutuis
1151 4099 1322 4149 certaminibus
1331 4098 1416 4160 aiiiigi,
1429 4104 1559 4159 utrumque
1567 4100 1647 4145 mnte-

874 4208 979 4259 musbat.

905 4348 928 4391 2.
948 4343 1025 4401 Atque
1045 4334 1220 4398 expeditionem
1241 4328 1342 4390 suscipit
1365 4327 1480 4375 adversus
1503 4322 1648 4383 Samariam,

876 4453 958 4504 urbem
969 4447 1165 4506 munitissimam,
1174 4443 1205 4492 de
1213 4455 1273 4505 qua,
1284 4444 1438 4501 utpoteuuuo
1446 4434 1545 4485 Sebaste
1552 4436 1648 4492 vocah,

875 4548 1358 4616 sbtierodeoondita,snotoeodiuemns.
1390 4540 1651 4594 Haunautemadortds

877 4652 1652 4733 magnonioppugnabat,samaritanisiniensnspropterinjurias

877 4744 1238 4857 quashtarissenis,.iudaeorum
1245 4760 1655 4822 coionisetsociis,intuierant1us·

878 4904 905 4939 su
917 4900 999 4949 regum
1013 4883 1096 4945 syrin.
1123 4884 1204 4939 Quum
1215 4877 1287 4939 igitur
1295 4874 1378 4924 urbem
1389 4872 1452 4921 iussa
1464 4870 1569 4933 undique
1577 4872 1601 4918 et
1611 4868 1654 4917 du·

879 5000 1011 5065 piisimum
1018 5009 1060 5059 per
1069 4992 1188 5054 octoginta
1196 4987 1272 5038 stadia
1280 4985 1405 5045 dunusci,
1415 4982 1477 5031 iiiios
1483 4993 1541 5030 suos
1550 4978 1656 5042 prefecit

880 5108 1023 5171 Antigonum
1035 5108 1060 5152 et
1071 5098 1243 5152 Aristobutnm.
1275 5094 1368 5153 Quibus
1380 5088 1556 5155 prementibus,
1567 5088 1591 5135 in
1603 5098 1657 5136 eam

881 5218 950 5269 tumis
961 5213 1128 5265 necessitatem
1139 5206 1236 5259 adducti
1247 5209 1303 5256 erint
1312 5202 1449 5263 Samarites,
1459 5204 1486 5250 ut
1494 5204 1566 5248 ettam
1576 5195 1656 5245 insue-
