3859 6084
321 431 378 483 rto
420 419 537 497 (tmpus.)

320 574 333 599 ι
346 549 430 605 αὐτῶν
444 548 652 625 ἐπανορθωθῆναι
671 541 718 616 τὴν
736 544 846 624 βλόύην·
861 546 906 604 καῖ
920 545 975 604 ὅσοι
993 547 1023 603 ἐκ
1039 548 1087 616 τῆς

321 662 333 687 ι
348 633 447 697 πόλεως
460 631 619 712 ἁρπαγέντες
639 630 815 705 δουλεύουσιν,
836 632 928 697 αύτούς
942 656 972 690 τε
986 630 1091 699 τούτους

319 746 332 769 ι
346 717 392 776 καλ
403 717 461 784 τοὺς
472 720 517 776 ὑπ’
532 720 616 775 αὐτῶν
629 717 794 796 γεννηθέντας
808 717 953 798 ἐλευθέρους
964 720 1090 799 ἀφίεμεν,

317 830 329 853 ι
344 803 390 862 καὶ
404 802 451 875 τῖες
464 802 551 869 οὐσίας
562 805 648 868 αὐτοῖς
662 803 829 862 ἀποδίδοσθαι
840 803 1012 880 κελεύομεν.»

291 919 304 957 ς
356 891 389 952 δ’.
411 890 446 951 ‘ii
461 890 508 967 μὲν
519 881 563 949 σύν
574 891 703 962 έπιστολὴ
710 896 793 949 ταῦτα
809 900 933 970 περιεῖχε.
989 889 1092 969 Σεμνύ-

317 1000 368 1034 νων
379 976 406 1035 δέ
417 976 463 1036 καὶ
477 976 507 1034 τὸ
525 976 606 1056 ἱερὸν,
622 977 783 1058 πρόγραμμα
797 978 865 1036 κατά
876 988 964 1037 πᾶσαν
977 978 1025 1049 τὴν
1040 988 1089 1057 βα·

317 1063 415 1122 σιλείαν
430 1062 533 1134 ἐξέθηκε
553 1067 672 1144 περιέχον
691 1065 761 1123 τάδε.
814 1093 826 1119 a
847 1066 946 1137 Μηδενλ
960 1066 1014 1135 ἐξὸν
1026 1058 1091 1125 εἶναι

317 1176 329 1201 ι
345 1148 483 1230 ἀλλοφύλῳ
499 1154 535 1216 εἰς
558 1152 601 1208 τόν
617 1150 752 1232 περίόολον
774 1151 880 1211 εἰσιέναι
891 1160 935 1209 τοῦ
962 1155 1032 1232 ίεροῦ
1048 1152 1091 1211 τὸν

317 1238 549 1317 «ἀπηγορευμένον
573 1242 625 1307 τοῖς
641 1240 787 1313 Ἰουδαίοις,
810 1245 832 1301 εἰ
853 1240 890 1319 μὴ
907 1234 944 1308 οἷς
963 1242 1090 1319 ἁγνισθεῖ·

279 1349 328 1387 to«
343 1326 383 1383 σίν
397 1329 465 1384 ἔστιν
480 1326 567 1402 ἔθιμον
581 1327 650 1386 κατά
664 1328 707 1386 τόν
717 1328 824 1410 πάτριον
837 1328 924 1406 νόμον.
968 1331 1041 1401 Μηδ’
1055 1332 1090 1397 εἰς

317 1410 391 1482 «τὴν
404 1412 480 1471 πόλιν
498 1412 654 1493 εἰσφερέσθω
675 1412 767 1473 ίππεια
786 1414 865 1496 κρέα,
884 1415 950 1491 μήτε
972 1415 1090 1492 ἡμιόνεια

317 1526 329 1549 ι
344 1498 410 1575 μήτε
423 1499 519 1580 ἀγρίων
540 1500 604 1559 όνων
626 1500 671 1559 καλ
684 1501 805 1581 ἡμέρων,
827 1501 982 1583 παρδάλεών
996 1526 1024 1560 τε
1045 1503 1091 1562 καὶ

318 1614 331 1639 ι
345 1586 488 1645 ἀλωπέκων
508 1587 554 1645 καλ
577 1589 696 1664 λαγωῶν,
722 1590 767 1648 καλ
790 1590 901 1649 καθόλου
921 1589 1025 1651 πάντων
1040 1594 1090 1648 τῶν

316 1672 558 1753 «ἀπηγορευμένων
571 1671 644 1755 ζῴων
657 1678 709 1741 τοῖς
720 1675 863 1743 Ἰουδαίοις.
901 1676 977 1749 Μηδὲ
986 1676 1033 1744 riq
1047 1678 1089 1735 δο·

279 1780 305 1820 is
317 1786 330 1812 ε
344 1760 390 1839 ράς
410 1761 534 1843 εἰσφέρειν
553 1761 660 1836 ἐξεῖναι,
673 1762 742 1820 ἀλλά
756 1762 822 1841 μηδὲ
838 1763 939 1845 τρέφειν
952 1788 979 1822 τι
994 1764 1091 1823 τούτων

317 1874 329 1899 ι
344 1851 370 1906 έν
383 1853 416 1928 τῇ
430 1848 518 1921 πολει,
532 1848 618 1925 μόνοις
630 1847 657 1906 δέ
671 1850 724 1915 τοῖς
737 1858 898 1929 προγονικοῖς
910 1848 1036 1927 θύμασιν,
1048 1851 1090 1933 ἀφ’

317 1961 329 1985 α
346 1926 382 1993 ὧν
396 1934 490 2014 κολεῷ
505 1936 567 2016 Θεῷ
585 1936 625 1993 δεῖ
636 1935 797 2016 καλλιερεῖν,
817 1937 1000 2017 ἐπιτετράφθαι
1021 1942 1089 2019 χρῆ-

317 2049 330 2074 u
342 2027 412 2083 σθαι.
455 2021 489 2083 Ὁ
506 2022 533 2080 δέ
554 2022 649 2081 τούτων
668 2047 693 2081 τι
712 2024 833 2105 παραόάς
847 2023 1020 2084 ἀποτιννυέτω
1039 2028 1092 2093 τοῖς

316 2137 329 2163 ι
342 2113 453 2190 ἱερεῦσιν
466 2109 588 2190 ἀργυρίου
602 2109 721 2190 δραχμάς
731 2111 885 2191 τρισχιλίας.
901 2138 913 2163 ν
926 2108 1047 2193 Ἔγραψε
1064 2112 1091 2171 δέ

276 2223 304 2261 20
316 2200 453 2277 μαρτυρῶν
461 2201 525 2275 ἡμῖν
537 2197 669 2256 εύσέόειάν
677 2222 706 2256 τε
715 2198 761 2257 καὶ
771 2199 873 2271 πίστιν,
883 2198 961 2269 ἡνίκα
973 2200 1092 2278 νεωτερί-

316 2289 392 2355 ζοντα
408 2285 441 2342 τά
454 2284 521 2344 κατῖι
533 2290 579 2357 τὴν
592 2284 712 2366 Φρυγίαν
726 2285 771 2344 καλ
783 2285 881 2345 Λυδίαν
900 2286 1020 2361 ἐπύθετο,
1031 2291 1089 2346 καθ’

315 2378 343 2436 ὃν
358 2370 388 2451 ἦν
401 2377 488 2458 καιρὸν
502 2381 529 2436 έν
542 2382 599 2445 ταῖς
610 2377 663 2436 ἀνω
677 2377 863 2458 σατραπείαις,
873 2377 985 2437 κελεύων
1001 2378 1090 2447 Ζεῦξιν

314 2466 358 2524 τὸν
373 2469 451 2524 αὑτοῦ
461 2465 604 2546 στρατηγὸν
616 2464 662 2524 καῖ
673 2468 699 2523 έν
709 2466 762 2531 τοῖς
775 2463 891 2542 μάλιστα
901 2464 975 2545 φίλον
985 2463 1089 2546 πέμψαι

314 2553 384 2621 τινάς
396 2558 447 2612 τῶν
460 2553 593 2634 ἡμετέρων
611 2556 641 2612 ἐκ
653 2552 807 2620 Βαύυλῶνος
820 2555 855 2620 εἰς
869 2551 1000 2632 Φρυγίαν.
1021 2553 1090 2635 Γρά-

276 2665 303 2703 us
316 2665 357 2723 φει
371 2642 398 2700 δέ
412 2640 501 2708 ούτως.

393 2729 518 2795 Βασιλεύς
537 2728 665 2809 Ἀντίοχος
679 2727 781 2797 Ζεύξιδι
791 2731 829 2809 τῷ
843 2728 924 2807 πατρί
939 2727 1050 2808 χαίρειν.

355 2847 368 2873 e
382 2818 559 2899 Eijpporour,
582 2809 611 2877 εῖ
628 2816 660 2877 ἀν
678 2817 748 2896 έχοι,
768 2815 875 2894 ὑγιαίνω
895 2816 923 2875 δέ
944 2816 990 2879 καλ
1003 2808 1089 2883 αύτός.

315 2933 328 2958 ι
343 2905 540 2981 Πυνθανόμενος
558 2904 617 2971 τούς
630 2908 657 2963 έν
678 2903 762 2985 Λυδία
777 2904 822 2963 καλ
847 2904 953 2984 Φρυγίᾳ
969 2903 1091 2985 νεωτερί-

314 3020 327 3046 o
342 2997 442 3065 ζοντας,
467 2991 582 3070 μεγάλης
601 2994 757 3074 ἐπιστροφῆς
781 2991 922 3069 ἡγησάμην
948 2990 1025 3051 τοῦτό
1047 3016 1091 3068 μοι

276 3098 326 3137 σοι
340 3082 447 3139 δεῖσθαι.
488 3078 543 3139 Καί
557 3079 755 3161 βουλευσαμένῳ
773 3102 818 3156 μοι
833 3078 900 3154 μετὰ
909 3082 959 3137 τῶν
974 3078 1091 3159 φίλωντί

315 3195 328 3223 ι
343 3170 384 3226 δεῖ
393 3169 475 3226 ποιεῖν
491 3166 574 3235 ἔδοξεν
594 3172 629 3235 εἰς
642 3167 676 3225 τὰ
689 3167 797 3248 φρούρια
811 3165 857 3225 καί
872 3165 931 3234 ταῖς
950 3169 1090 3245 ἀναγκαιο·

315 3256 434 3331 ςτάτους
446 3253 539 3321 τόπους
551 3257 602 3312 τῶν
624 3254 676 3313 ἀπὸ
689 3260 736 3327 τῆς
756 3252 962 3330 Μεσοποταμίας
979 3252 1024 3312 καλ
1038 3257 1091 3313 Βα-

315 3370 328 3395 e
343 3341 471 3409 όυλωνίας
491 3339 623 3400 Ἰουδαίων
642 3339 726 3408 οἴκους
739 3339 879 3419 δισχιλίους
895 3340 942 3398 σύν
963 3344 1089 3421 ἐπισκευῇ

315 3457 328 3482 ι
343 3435 508 3508 μεταγαγεῖν.
550 3425 700 3502 Πέπεισμαι
713 3426 764 3504 γάρ
781 3426 867 3492 εύνους
882 3425 974 3493 αύτούς
987 3425 1090 3487 έσεσθαι

276 3542 302 3580 ,ις
316 3548 328 3573 ι
341 3520 393 3575 τῶν
417 3513 552 3593 ἡμετέρων
576 3512 707 3595 φύλακας,
729 3510 772 3571 διὰ
796 3512 843 3583 τλν
863 3514 926 3593 πρός
953 3512 998 3572 τὸν
1021 3514 1090 3573 Θεδν

315 3629 328 3656 u
343 3606 426 3662 αὐτῶν
441 3600 584 3676 εύσέύειαν,
596 3598 641 3658 καῖ
658 3598 882 3743 μαρτυρουμένους
895 3602 917 3657 δ’
932 3598 1025 3666 αύτούς
1034 3600 1090 3659 ’ὑπὸ

315 3718 328 3743 r
343 3693 394 3748 τῶν
411 3688 543 3769 προγόνων
564 3690 599 3754 είς
616 3686 704 3745 πίστιν
725 3688 783 3745 σδα
802 3686 847 3745 καὶ
857 3686 1003 3766 προθυμίαν
1023 3680 1090 3753 aiei

315 3806 328 3828 ι
344 3780 567 3857 παρακαλοῦνται.
618 3772 751 3851 Βούλομαι
768 3773 867 3845 τοίνυν,
890 3771 985 3853 καίπερ
1008 3771 1089 3853 έμγώ-

315 3892 328 3916 ι
345 3866 403 3932 δους
416 3863 503 3939 ὄντος,
518 3861 622 3927 τούτους
636 3862 791 3938 μεταγαγεῖν
809 3858 988 3938 ὑποσχόμενος
1004 3858 1091 3936 νόμοις

275 3982 303 4020 tu
315 3979 327 4003 ι
342 3951 433 4017 αὐτοὺς
445 3954 559 4030 χρῆσθαι
571 3949 624 4016 τοῖς
638 3947 718 4014 ἰδίοις.
758 3946 843 4007 Ὅταν
855 3946 877 4005 δ’
887 3945 980 4011 αὐτούς
991 3944 1090 4025 ἀγάγῃς

315 4066 328 4093 ι
341 4040 377 4106 εἰς
389 4038 448 4104 τούς
466 4036 665 4117 προειρημένους
678 4036 787 4109 τόπους,
804 4038 841 4101 εις
855 4056 884 4091 τι
898 4032 1034 4109 οἰκοδομὰς
1052 4035 1090 4092 οι-

315 4154 328 4179 ·
338 4130 405 4185 κιιῖιν
414 4125 504 4191 δώσεις
513 4127 598 4189 αὐτοῖς
610 4123 689 4181 τόπον
699 4121 802 4201 ἑκάστῳ
812 4121 857 4179 καλ
868 4118 958 4200 χώραν
965 4122 1000 4186 εἰς
1013 4142 1091 4199 γεωρ-

314 4242 327 4269 α
340 4214 400 4294 γίαν
413 4212 458 4273 καλ
470 4211 577 4293 φυτείαν
593 4208 733 4286 ἀμπέλων,
753 4208 798 4267 καλ
823 4210 923 4273 ἀτελεῖς
936 4210 988 4265 τῶν
1001 4208 1030 4265 έκ
1043 4212 1092 4278 τῆς

314 4330 327 4356 ι
340 4308 388 4381 γῆς
403 4303 511 4381 καρπῶν
525 4297 628 4369 ἀνήσεις
638 4296 678 4355 ἐπ’
693 4295 738 4367 im
748 4295 819 4354 δέκα.
849 4293 1053 4375 Μετρείσθωσαν
1062 4293 1090 4353 δέ

274 4415 300 4455 ςς
314 4417 327 4444 ι
343 4390 406 4466 καλ,
419 4387 494 4468 ἄχρις
511 4384 541 4445 ἀν
555 4382 691 4463 τούςπαρά
702 4387 749 4455 τῆς
762 4387 809 4459 γῆς
819 4381 910 4463 ἄρτους
922 4380 1089 4457 λαμὸάνωσι,

314 4507 327 4530 ι
341 4479 411 4536 σῖτον
423 4478 459 4543 εἷς
469 4473 517 4542 τάς
526 4476 578 4531 τῶν
592 4470 754 4552 θεραπόντων
769 4470 915 4549 διατροφάς·
936 4468 1045 4527 διδόσθω
1062 4468 1090 4527 δέ

314 4591 327 4618 ι
340 4563 385 4622 καὶ
398 4570 452 4628 τοῖς
465 4564 500 4628 εις
510 4558 557 4626 τάς
568 4558 659 4638 χρείας
676 4559 834 4634 ὑπηρετοῦσι
845 4554 875 4612 τὸ
892 4550 1033 4635 αύταρκες,
1045 4553 1089 4613 ἵνα

315 4655 386 4723 «τῆς
394 4648 457 4728 παρ’
468 4650 542 4724 ἡμῶν
559 4644 730 4724 τυγχάνοντες
748 4640 941 4723 φιλανθρωπίας
959 4644 1090 4719 προθυμο·

316 4766 329 4791 ι
341 4737 428 4819 τέρους
437 4732 587 4815 παρέχωσιν
601 4731 693 4799 αύτούς
706 4730 767 4810 περὶ
777 4728 811 4787 τά
822 4728 947 4806 ἡμέτερα.
961 4726 1090 4808 Πρόνοιαν

281 4847 327 4885 to«
342 4823 369 4883 δέ
383 4829 457 4883 ποιοῖ
477 4821 521 4880 καλ
533 4826 579 4879 τοῦ
596 4819 680 4884 ἔθνους
693 4816 761 4876 κατὰ
779 4814 809 4875 τδ
822 4816 937 4887 δυνατὸν,
957 4812 1027 4880 θπως
1041 4814 1091 4871 ὑπὸ

316 4938 330 4966 ι
344 4910 451 4989 μηδενὸς
461 4910 609 4989 ἐνοχλῆται.
625 4934 638 4959 ν
698 4904 765 4985 Περὶ
776 4905 823 4981 μὲν
838 4894 882 4961 σύν
899 4907 945 4973 τῆς
959 4900 1090 4979 Ἀντιόχου

315 4998 398 5081 φιλίαν·
413 5002 459 5055 τοῦ
477 4996 591 5074 μεγάλου
610 4992 674 5073 πρὸς
690 4992 749 5058 τοὺς
765 4990 907 5056 Ἰουδαίους
926 4994 1011 5048 ταῦτα
1026 4993 1090 5065 ἡμῖν

316 5082 490 5164 ἀποχρώντως
501 5080 612 5163 εἰρήσθω
624 5078 764 5161 μαρτύρια.

787 418 1069 479 ΑΡΧΑῙΟΛΟΓΙΑΣ
1090 418 1186 479 niun.
1209 420 1255 480 iu.
1285 422 1374 481 ΚΕΦ.
1396 422 1428 478 Γ.

1766 423 1867 505 roo-i

1137 572 1150 597 ι
1162 556 1253 618 purtem
1262 556 1297 607 eis
1308 556 1460 618 remittimus,
1469 554 1874 623 udeorumdumnumreueruondun;

1137 676 1150 702 ι
1159 662 1185 709 et
1191 660 1311 721 quotquot
1320 672 1350 708 eu
1368 658 1426 708 urbe
1434 658 1526 722 abrepti
1541 659 1665 723 serviunt,
1676 662 1701 711 et
1712 656 1874 724 ipeoeetmm

1136 782 1149 806 ι
1160 766 1229 813 nutus
1237 763 1436 823 manumittimus,
1446 764 1471 813 et
1479 762 1604 813 tenuitates
1615 762 1650 815 eis
1660 764 1725 815 reddi
1733 765 1873 829 imperemus.»

1165 897 1189 943 ι.
1206 897 1237 944 ιιι
1248 894 1348 957 epistole
1365 893 1461 957 quidem
1474 894 1526 945 hmo
1545 896 1689 946 continebat.
1720 898 1776 947 item
1792 900 1889 949 initum¹

1134 1010 1185 1047 rem
1195 996 1379 1061 tempiiiibeilos
1387 1009 1429 1059 per
1438 997 1475 1046 tot
1482 996 1774 1061 regrtumpubiimrit,qui
1782 1000 1825 1049 hnc
1830 1014 1877 1049 mu·
1888 1004 1889 1063 ξ

1134 1092 1196 1155 μισεῖ
1206 1097 1271 1142 suut.
1304 1112 1316 1135 ι
1332 1092 1426 1143 tietuini
1443 1092 1513 1143 Ποσει
1525 1093 1666 1155 alienigenae
1682 1093 1741 1143 intro
1754 1096 1824 1158 tempii
1836 1110 1876 1145 eun·

1135 1208 1148 1233 ι
1159 1192 1253 1252 septum
1265 1188 1369 1251 ingredi,
1378 1189 1450 1238 etium
1468 1188 1560 1239 Judteis
1576 1188 1742 1249 interdictum,
1756 1190 1795 1239 nisi
1810 1160 1889 1251 qtriirus1

1136 1302 1149 1328 ι
1162 1283 1268 1334 instratis
1279 1297 1331 1333 mos
1341 1289 1380 1334 εει
1390 1287 1500 1335 introire
1510 1298 1540 1335 er
1553 1285 1604 1347 iege
1613 1285 1695 1348 patrio.
1719 1288 1778 1336 itere
1786 1287 1807 1335 in
1815 1262 1889 1335 oriem

1135 1399 1148 1424 ι
1158 1380 1299 1443 importetur
1307 1380 1394 1443 equine
1402 1393 1470 1443 euro,
1482 1393 1542 1431 nore
1551 1381 1651 1441 mutina,
1663 1394 1722 1431 nere
1731 1382 1785 1431 esini
1799 1382 1839 1431 sire
1846 1383 1875 1433 ieri

1136 1494 1148 1519 ι
1160 1476 1211 1527 sire
1218 1477 1315 1536 oieuris,
1326 1490 1403 1539 neque
1414 1477 1548 1541 pardulino,
1558 1483 1600 1528 out
1611 1475 1720 1540 vulpino,
1731 1480 1769 1527 ιυι
1783 1478 1876 1540 leporino,
1888 1528 1889 1547 γ

1136 1576 1201 1621 «not
1218 1573 1324 1632 cujusvis
1339 1573 1435 1623 omnino
1453 1586 1535 1623 eorum
1545 1574 1747 1636 animaliumque
1760 1574 1836 1623 induis
1850 1588 1876 1623 re

1136 1684 1149 1708 ι
1162 1666 1206 1715 tito
1225 1668 1290 1716 suut.
1322 1668 1386 1717 Nure
1408 1666 1481 1729 peiles
1503 1668 1589 1717 inierre
1609 1669 1695 1731 licent,
1716 1670 1755 1720 sed
1768 1683 1806 1719 neu
1820 1670 1875 1718 uiiun

1136 1762 1207 1811 «tulo
1229 1763 1315 1811 animai
1337 1763 1362 1811 in
1383 1763 1440 1812 urbe
1459 1764 1534 1825 aiere,
1553 1764 1595 1813 sed
1614 1765 1672 1815 sotis
1689 1767 1797 1828 majorum
1809 1766 1875 1815 noer·

1136 1878 1149 1902 «ι
1166 1858 1209 1908 uiis
1222 1859 1256 1907 uti
1267 1859 1348 1919 dcent,
1363 1858 1450 1920 quibus
1459 1859 1545 1921 plaenri
1555 1862 1620 1910 Deus
1638 1861 1730 1911 debent
1760 1863 1801 1919 Qui
1814 1864 1876 1911 mrim

1137 1971 1149 1995 r
1163 1952 1254 2014 aliquid
1273 1953 1358 2002 horum
1376 1953 1472 2014 imerii,
1481 1954 1567 2003 solvito
1578 1955 1741 2005 samrdotibus
1750 1957 1826 2017 urenti
1838 1955 1876 2002 dn·

1137 2068 1149 2093 r
1162 2050 1285 2100 obmururu
1296 2049 1342 2099 triu
1351 2049 1431 2099 mittin.
1444 2069 1456 2093 ν
1466 2050 1549 2100 diteris
1558 2050 1695 2113 eiiumsuis
1703 2051 1797 2114 nmpium
1805 2051 1875 2113 picum
1888 2038 1889 2107 ι

1135 2159 1163 2195 su
1173 2146 1228 2197 iidei
1238 2150 1327 2195 nostroe
1338 2145 1499 2196 teru'mouium
1506 2146 1585 2209 dedit,
1593 2160 1672 2209 quum
1681 2149 1796 2199 nonnuiiou
1804 2162 1837 2211 per
1844 2152 1875 2209 ip

1134 2242 1200 2291 dium
1211 2244 1237 2292 et
1245 2242 1372 2305 Phrygium
1382 2256 1421 2291 res
1430 2254 1506 2292 novus
1516 2242 1593 2291 moiiri
1610 2244 1749 2306 uouepiseet,
1760 2258 1785 2293 eo
1795 2248 1875 2305 tempure
1888 2259 1889 2283 ι

1136 2351 1186 2399 quo
1202 2340 1257 2400 ipre
1277 2339 1301 2386 in
1322 2338 1483 2401 superioribus
1502 2342 1553 2387 eret
1569 2341 1713 2390 Persarum
1731 2340 1835 2402 suirnpiis,
1849 2340 1889 2399 jn·¹

1135 2433 1194 2483 bens
1206 2434 1334 2484 Zeuxidem
1351 2433 1614 2496 ornamentorumque
1630 2448 1701 2485 suum
1716 2437 1824 2495 intimum,
1833 2436 1875 2483 mit·

1135 2540 1185 2587 tere
1195 2538 1329 2591 nostratum
1338 2534 1454 2599 quosdam
1465 2548 1479 2584 ε
1488 2534 1606 2596 Babylone
1616 2535 1640 2584 in
1650 2536 1779 2598 Phrygium.
1806 2532 1872 2583 scribit
1888 2494 1889 2527 Ἰ

1136 2635 1216 2685 σιιιειιι
1225 2634 1249 2683 iu
1259 2633 1323 2683 huno
1332 2632 1439 2681 modurn.

1198 2748 1248 2795 Rex
1259 2742 1389 2793 Antiochus
1398 2740 1496 2791 Zeuxidi
1508 2741 1571 2803 putri
1582 2740 1693 2791 sulutem.

1167 2852 1180 2878 ι
1191 2834 1216 2883 si
1225 2832 1304 2893 unies,
1313 2832 1372 2882 bene
1381 2834 1431 2891 est,
1442 2844 1486 2893 ego
1495 2844 1591 2893 qnoque
1602 2830 1677 2879 rnieo.
1711 2826 1875 2887 Quouiuteiige

1136 2942 1148 2965 α
1161 2935 1209 2972 rem
1223 2919 1338 2985 quondum
1355 2920 1380 2968 in
1392 2918 1467 2979 Lydio
1482 2922 1506 2969 et
1516 2918 1616 2979 Phrygio
1633 2918 1704 2967 rebus
1716 2917 1778 2965 uotis
1791 2913 1874 2968 sinder,
1888 2920 1889 2961 i

1136 3045 1149 3068 ι
1161 3036 1300 3087 magnopere
1310 3024 1354 3071 hou
1363 3021 1420 3071 mihi
1430 3020 1715 3084 prospiciendumuumri.
1724 3025 1754 3069 λι
1763 3015 1874 3067 mustitani
1888 3002 1889 3051 ἒ

1136 3148 1148 3171 ι
1161 3126 1218 3177 milri
1227 3140 1282 3175 oum
1292 3125 1373 3175 uminis
1382 3124 1439 3185 quid
1450 3123 1511 3172 ιοσιο
1520 3124 1630 3183 sinopae,
1645 3122 1722 3172 visum
1731 3124 1765 3170 est
1773 3115 1873 3169 incestui·

1136 3254 1148 3277 ι
1161 3235 1186 3289 nt
1198 3204 1249 3281 lom
1260 3232 1363 3280 inaximo
1372 3228 1503 3279 necessario
1521 3227 1649 3282 transierre
1660 3241 1690 3276 ex
1702 3223 1872 3287 Mesopotamiae

1137 3356 1149 3381 ιι
1161 3334 1293 3399 Babylonia
1303 3333 1442 3385 dudmorunr
1460 3332 1496 3382 bis
1514 3330 1578 3381 mille
1589 3330 1691 3380 inutilius
1705 3342 1757 3379 eom
1770 3336 1837 3377 eurum
1846 3334 1873 3369 sn
1888 3344 1889 3391 γ

1136 3462 1149 3487 ε
1160 3442 1276 3506 ριιΙεοιιΙι.
1308 3439 1385 3489 credo
1396 3439 1460 3489 enirn
1475 3442 1611 3487 nostrarum
1633 3448 1712 3485 rerum
1729 3430 1824 3481 custodes
1839 3426 1889 3473 iure}

1136 3564 1149 3587 α
1161 3542 1298 3601 beneroles,
1309 3544 1362 3590 tum
1374 3542 1469 3604 propter
1478 3552 1561 3589 eorum
1573 3553 1627 3602 ergo
1642 3534 1874 3600 promptissumo
1888 3560 1889 3567 1

1136 3664 1148 3688 ι
1158 3644 1214 3706 quie
1225 3641 1295 3702 novi,
1304 3641 1338 3691 eis
1346 3652 1360 3689 n
1369 3638 1496 3700 majoribus
1508 3638 1596 3687 uostris
1609 3636 1767 3687 testimonium
1780 3632 1847 3679 dotum
1857 3624 1874 3672 i·
1888 3696 1889 3699 γ

1136 3751 1198 3801 «dei
1207 3754 1232 3800 ot
1241 3748 1344 3812 prompti
1356 3747 1464 3810 obsequii
1474 3747 1497 3795 in
1511 3746 1545 3795 eis
1559 3746 1589 3795 ud
1603 3759 1662 3809 qum
1678 3746 1786 3807 rogantur.
1812 3739 1889 3825 ιιιονι1

1137 3872 1149 3895 ι
1161 3852 1205 3900 hos
1214 3850 1281 3909 roio,
1292 3848 1403 3911 quumvis
1420 3846 1564 3895 laboriosum
1584 3845 1630 3907 sit,
1650 3844 1779 3901 truduuere,
1792 3836 1829 3887 ide
1839 3830 1873 3880 iiis

1136 3976 1148 3999 «ι
1161 3954 1215 4004 dntn
1232 3958 1259 4004 ut
1269 3954 1318 4004 suis
1329 3953 1421 4016 legibus
1432 3954 1466 4002 oti
1480 3952 1655 4015 permittentur.
1686 3952 1759 4007 Quum
1769 3947 1835 3994 mteu
1845 3946 1875 3985 ιιι
1888 3970 1889 4007 3

1137 4074 1150 4099 ι
1160 4056 1185 4104 in
1198 4066 1226 4104 en
1234 4067 1289 4115 qum
1303 4052 1353 4103 diri
1364 4053 1415 4102 locu
1426 4050 1589 4112 transtuleris,
1599 4050 1668 4099 dubis
1685 4045 1775 4109 singuiis
1786 4040 1810 4090 ud
1820 4033 1874 4087 edist-
1888 4062 1889 4069 ν

1136 4180 1149 4203 α
1161 4158 1249 4209 enudus
1262 4156 1347 4207 domos
1357 4157 1453 4217 ionum,
1470 4158 1496 4205 et
1508 4168 1591 4217 ugrum
1603 4154 1635 4203 nd
1645 4152 1800 4216 agriculturam
1815 4144 1873 4191 rino·

1136 4282 1148 4307 ι
1160 4275 1262 4325 rumque
1270 4261 1402 4321 sotionem,
1415 4261 1440 4308 et
1450 4258 1625 4308 immunitatem
1643 4258 1734 4319 trogum
1746 4258 1803 4302 terre
1812 4252 1874 4293 τινα·
1888 4214 1889 4267 έ

1136 4368 1201 4418 «des
1212 4370 1320 4417 inunnos
1330 4366 1428 4427 (ιετεσις
1446 4363 1559 4413 nedonee
1570 4365 1641 4412 terreo
1662 4360 1739 4422 fruges
1748 4347 1873 4420 perceperit,

1136 4474 1301 4524 «demensum
1322 4470 1469 4521 frumentum
1486 4466 1604 4530 occipiunt
1620 4466 1645 4515 in
1665 4462 1794 4514 tumulorum
1809 4452 1872 4500 ntimo
1888 4462 1889 4465 ’

1136 4574 1225 4623 «nium
1243 4586 1249 4619 :
1265 4570 1359 4633 illisque
1375 4568 1445 4618 detur
1460 4568 1501 4629 qui
1520 4566 1555 4615 eis
1571 4564 1700 4616 inservient
1712 4561 1815 4624 numium
1829 4556 1889 4607 iiii

1137 4692 1149 4716 u
1161 4674 1220 4734 erit,
1240 4676 1268 4721 ut
1285 4668 1385 4731 benigrm
1403 4682 1418 4717 ε
1434 4666 1504 4716 nobis
1524 4665 1597 4715 imbiti
1615 4662 1762 4714 studiosiores
1780 4666 1802 4702 it
1814 4642 1889 4709 ‘immi

1136 4796 1149 4819 ι
1161 4768 1293 4825 nostrorum
1304 4772 1433 4837 proebeant.
1462 4769 1578 4821 Dretinm
1587 4756 1826 4830 operum,quuudeJui
1835 4743 1871 4796 fiffl'
1888 4790 1889 4807 2

1136 4900 1148 4924 ι
1160 4884 1246 4943 potest,
1258 4877 1312 4927 otei
1324 4874 1509 4937 gentionemine
1517 4870 1713 4921 ineommodetur.
1724 4864 1809 4922 »Διονθ
1817 4854 1870 4903 Μ’
1888 4884 1889 4893 ¹

1135 4982 1203 5033 nobis
1213 4982 1237 5032 in
1249 4978 1411 5031 testimouium
1420 4974 1544 5037 umioitiae,
1553 4987 1608 5038 qum
1620 4970 1733 5025 Antiocho
1746 4967 1818 5024 ditati
1829 4960 1869 5003 Μ

1134 5078 1590 5145 tuoeisinterreerit,diousuuieimt.
1888 5074 1889 5137 γ
