3859 6084
298 458 353 509 rm
389 451 513 529 (στω.)

187 574 188 577 “
289 584 395 655 σημεῖον
409 582 464 657 ᾔτει
483 582 541 651 τοὺς
560 585 684 654 ὑπάτους·
702 592 725 647 οῖ
746 588 773 649 δέ
790 594 932 675 ἀλευθιρίαν
953 597 1055 659 ἔδοσαν.

288 666 335 726 Ἐν
349 666 463 744 θαύματι
482 669 509 728 δὲ
524 662 555 743 ἦν
575 675 660 741 αὐτοῖς
679 676 724 733 καὶ
737 677 814 751 ὅμοια
826 682 933 763 ἀπιστίφ
944 684 978 742 τά
994 685 1061 765 δρώ·

288 773 363 828 μενα.
405 753 481 815 Ἔτει
496 757 547 839 γάρ
563 763 708 842 ἀκατοστῷ,
724 766 806 841 μεθδ
825 771 872 839 τὴν
887 771 1064 849 δημοκρατίαν

288 838 317 897 τὸ
328 844 429 920 πρῶτον
442 845 620 923 ἀφῃρέθησαν,
640 847 796 932 ἀπέστρεψεν
817 854 860 911 ἐπὶ
874 854 932 923 τοὺς
952 859 1064 925 ὑπάτους

228 935 230 941 ’
259 950 273 987 a
288 927 396 1004 σημείου
410 934 426 1001 ἡ
438 932 594 1011 παράδοσις·
615 926 684 993 οὗτοι
699 936 749 1018 γάρ
767 939 892 1021 πρότερον
905 941 922 1013 ἢ
934 968 1060 1023 τυραννη·

287 1018 362 1083 θῆναι
372 1014 419 1086 τὴν
433 1018 507 1076 πάλιν
519 1019 602 1099 κύριοι
614 1026 666 1080 τῶν
684 1033 876 1103 στρατιωτικῶν
897 1024 973 1101 ἦσαν.
995 1036 1062 1093 Χαι·

286 1099 346 1179 ρέας
358 1100 384 1159 δέ
402 1102 431 1161 τδ
444 1114 551 1181 σημεῖον
563 1106 652 1167 λαθὼν
665 1112 803 1191 παρεδίδου
821 1119 871 1173 τῶν
891 1123 1056 1197 στρατιωτῶν

284 1196 336 1255 τοῖς
349 1189 412 1269 πρὸς
420 1190 467 1261 τὴν
482 1192 627 1271 σύγκλητον
640 1200 831 1269 συνεστηκόσιν.
872 1194 964 1264 Ἦσαν
981 1204 1009 1265 δὲ
1024 1211 1060 1275 εἷς

286 1274 395 1357 σπείρας
409 1276 553 1359 τέσσαρας,
565 1272 601 1347 οἷς
614 1282 650 1340 ,τὸ
664 1284 832 1347 ἀθασίλευτον
847 1290 1000 1372 τιμιώτερον
1014 1298 1061 1364 τῆς

245 1382 270 1420 tu
285 1364 431 1443 τυραννίδος
453 1364 599 1443 προύκειτο.
642 1372 697 1430 Καὶ
710 1370 763 1431 οἵδε
783 1374 830 1452 μίν
851 1377 970 1456 ἀπῄεσαν
992 1380 1059 1456 μετά

282 1452 333 1505 τῶν
349 1448 505 1531 χιλιάρχων,
521 1452 646 1536 ἀνεχώρει
660 1456 687 1516 δὲ
701 1459 752 1532 ἤδη
767 1462 812 1519 καὶ
824 1467 837 1521 δ
852 1465 934 1541 δῆμος
945 1489 1057 1547 περιχα-

283 1532 327 1614 ρὴς
340 1536 385 1595 καὶ
398 1539 499 1607 ἐλπίδος
513 1542 558 1599 καὶ
570 1542 733 1623 φρονήματος
744 1549 837 1624 μεστὸς
849 1552 892 1609 ἐπὶ
906 1558 944 1632 τῷ
960 1577 1058 1626 κτησα·

286 1622 356 1705 μένῳ
369 1623 415 1695 τὴν
429 1628 569 1703 ἠγεμονίαν
582 1632 680 1703 αὐτοῖς,
693 1634 776 1692 οὐκέτι
790 1636 832 1696 ici
846 1642 883 1717 τῷ
893 1640 1056 1721 ἐφεστηκότιῖ

282 1709 336 1767 Καὶ
345 1710 378 1768 τά
389 1710 474 1769 πάντα
486 1706 518 1785 ἦν
532 1718 546 1772 θ
559 1714 675 1796 Χαιρέας
689 1722 782 1787 αὐτοῖς.

236 1817 260 1851 rr.
322 1795 353 1856 δ’.
375 1798 490 1878 Χαιρέας
502 1800 529 1858 δέ
544 1804 570 1860 ίν
586 1805 660 1884 δεινῷ
675 1806 805 1883 τιθέμενος
822 1816 949 1890 περιεῖναι
965 1814 1014 1885 τήν
1027 1838 1056 1872 τε

282 1882 409 1962 θυγατέρα
427 1884 507 1945 Γαίου
531 1890 575 1949 καὶ
595 1890 643 1963 τὴν
661 1901 785 1970 γυναῖκα,
811 1896 879 1955 ἀλλά
897 1896 933 1975 μὴ
953 1902 1057 1958 πανοικὶ

279 1968 322 2027 τὸν
336 1970 439 2049 ὄλεθρον
451 1976 521 2055 αὐτῷ
533 1987 680 2057 συντυχεῖν,
692 1980 748 2038 ἐπεὶ
763 1982 808 2040 καί
820 1994 872 2041 πᾶν
884 1986 900 2041 ὅ
912 2010 937 2043 τι
951 1987 1056 2045 ὑπολεί·

279 2077 354 2113 ποιτο
368 2060 454 2125 αιἰτῶν
472 2064 514 2118 ἀπ’
532 2062 627 2144 ὀλέθρῳ
638 2070 684 2135 τῆς
701 2067 800 2135 πόλεως
817 2071 999 2150 λειφθήσεσθαι
1012 2076 1057 2133 καὶ

281 2145 333 2199 τῶν
347 2142 442 2219 νάμων,
457 2146 542 2215 ἄλλως
558 2172 586 2207 τε
600 2148 719 2230 πρόθεσιν
734 2155 899 2223 ἐσπουδακὼς
915 2159 1056 2218 τελειώσα-

239 2248 266 2287 aa
280 2233 341 2287 σθαι
360 2230 408 2301 την
429 2236 522 2305 αὑτοῦ,
543 2235 588 2295 καὶ
608 2238 677 2297 πάνυ
698 2243 823 2320 εὐφρᾶναι
843 2249 918 2321 μῖσος
943 2246 973 2305 τὸ
992 2249 1056 2328 πρὸς

279 2319 302 2376 Γ
303 2316 369 2388 άῖσν,
383 2320 491 2377 Ἰούλιον
504 2323 632 2401 ἐκπέμπει
646 2332 757 2399 Λοῦπον,
774 2328 819 2388 ἀνα
831 2336 882 2390 τῶν
898 2334 1053 2413 χιλιάρχων,

277 2410 415 2463 κτενοῦντα
441 2406 487 2478 τλν
513 2413 624 2489 γυναῖκα
649 2417 672 2474 Γ
673 2408 734 2473 αίου
761 2416 806 2475 καὶ
838 2418 886 2485 vir
914 2422 1053 2502 θυγατέρα.

278 2488 431 2567 Κλήμεντος
439 2493 467 2553 δέ
480 2493 535 2554 ἀντι
545 2508 664 2575 συγγενεῖ
674 2504 712 2581 τῷ
726 2500 823 2584 λούπιρ
832 2505 879 2576 τλν
889 2506 932 2565 ἐπὶ
941 2511 1051 2567 τοιοῖσδε

275 2579 420 2659 προύθεσαν
432 2584 601 2663 λειτουργίαν,
613 2586 683 2655 ἀπως
696 2589 835 2669 μετασχὼν
846 2593 894 2651 κάν
908 2594 950 2653 ἐπὶ
963 2597 1050 2655 τοιού·

235 2694 262 2730 ος,
275 2688 326 2733 τοις
347 2673 394 2739 τῆς
417 2673 627 2750 τυραννοκτονίας
646 2676 784 2753 ἀγάλλοιτο
809 2682 888 2759 ἀρετῇ
911 2682 975 2762 πρὸς
1001 2689 1052 2742 τῶν

273 2758 385 2813 πολιτῶν
395 2760 449 2829 [ὣς]
460 2760 556 2817 καὶτοῦ
568 2761 665 2829 παντὸς
674 2760 901 2841 ἐπιύουλεύματος
906 2768 986 2837 δόξειε
997 2794 1051 2830 κοι·

273 2847 423 2901 νωνεῖντῶν
437 2848 539 2924 πρῶτον
555 2848 723 2926 συνθεμένων.
765 2852 894 2920 Ἐνίοιςδέ
907 2860 958 2913 τῶν
970 2880 1051 2917 ouum·

274 2934 358 3005 μοτῶν
370 2932 415 2990 καὶ
429 2933 500 3009 ὠμὸν
516 2933 599 2993 ἐδόκει
612 2936 641 2995 τὸ
655 2938 699 2997 tot
715 2962 746 3018 τη
759 2940 862 3017 γυναικί
879 2943 968 3021 θράσει
980 2964 1050 3025 χρη·

274 3018 397 3095 σάμενον,
421 3020 464 3079 irio
485 3020 515 3081 τὸ
535 3024 615 3084 Γάιον
636 3024 711 3106 φύσει
729 3050 761 3105 τη
783 3032 861 3087 αὑτοῦ
882 3031 1050 3111 χρώμενονλ

769 462 1051 527 ΑΡΧΛΙΟΛΟΓΙΑΣ
1068 472 1166 560 ΙΒΙΒΛ.
1188 480 1238 537 ΙΘ.
1265 482 1353 541 ted».
1375 486 1407 543 B.

1752 496 1859 579 tuom]

1110 614 1161 661 tum
1173 617 1272 667 curere·
1281 632 1295 667 a
1303 622 1442 671 oonsulibus
1454 630 1566 675 tesseram
1577 630 1663 690 petiit:
1675 637 1749 695 atque
1760 636 1791 683 itti
1800 636 1863 686 Liber·

1109 700 1182 745 tetoor
1200 699 1324 749 dedenunt.
1356 708 1404 753 tota
1424 714 1520 767 autem,
1538 710 1596 759 dum
1615 714 1717 776 fiebant,
1735 718 1863 767 admirationi

1107 783 1174 826 eraut
1184 781 1354 844 presentibus,
1366 790 1391 833 et
1406 788 1445 836 vir
1463 789 1534 838 iidem
1552 792 1705 843 invenerunt.
1737 800 1805 858 tiam,
1815 813 1863 848 εστι

1107 863 1161 919 poet
1173 863 1316 923 oeniaairnn,
1329 878 1402 925 quarn
1413 868 1460 917 iiiii
1469 872 1546 931 primo
1559 872 1637 923 abiate
1652 875 1730 925 inerat
1740 878 1824 939 imperii
1831 895 1862 942 pn·

1107 943 1194 999 tetro,
1210 943 1240 991 ad
1251 947 1362 997 σοειειιῖιεε
1370 950 1440 999 rediit
1450 956 1547 1001 terrere
1558 953 1622 1003 datin
1632 975 1639 1005 ι
1649 957 1740 1019 quippe
1752 960 1862 1021 iiii‚priue

1106 1036 1179 1084 ornam
1191 1029 1255 1087 regio
1270 1029 1394 1081 dominatu
1411 1035 1530 1083 teneretur
1544 1037 1639 1096 uritis,
1656 1052 1736 1087 rerum
1746 1042 1862 1092 militarium

1105 1109 1246 1164 potestatem
1267 1112 1394 1163 trabebant
1426 1121 1458 1166 At
1475 1118 1588 1179 cinerea,
1599 1120 1640 1169 ubi
1653 1126 1769 1172 tesseram
1784 1140 1862 1190 europe

1106 1192 1158 1249 rat,
1170 1192 1286 1243 militibus
1293 1197 1390 1245 tradidit
1399 1198 1442 1259 qut
1453 1213 1467 1247 a
1477 1205 1561 1251 acuatu
1579 1203 1684 1252 stabant.
1717 1208 1860 1257 Emntrutem

1105 1284 1205 1322 numero
1224 1276 1256 1322 ad
1273 1282 1385 1339 quattuor
1402 1281 1526 1343 oobnrtea,
1544 1284 1586 1345 qui
1605 1287 1742 1336 metuerunt
1759 1302 1806 1338 eree
1821 1292 1861 1338 sine

1107 1355 1252 1413 Imperatore
1272 1370 1344 1417 quam
1354 1359 1399 1407 sub
1418 1363 1548 1422 tyrannide.
1581 1369 1661 1427 Atque
1672 1366 1708 1415 iiii
1719 1368 1808 1429 quidem
1817 1384 1859 1417 curo

1103 1434 1153 1483 cuir
1164 1436 1265 1486 tribunis
1280 1440 1403 1491 abierunt:
1414 1443 1531 1506 pauloque
1545 1450 1599 1508 post
1614 1448 1690 1497 etiam
1702 1450 1859 1511 popuinsietno

1103 1516 1387 1584 admodumdisoedebat,
1396 1528 1503 1588 tunropei
1514 1528 1610 1589 plenus,
1618 1532 1670 1579 ium
1683 1533 1783 1580 muttum
1790 1535 1859 1590 etates,

1103 1595 1166 1655 qrrod
1176 1608 1295 1647 summam
1313 1606 1454 1661 potestatem
1470 1604 1566 1654 sibimet
1580 1607 1761 1669 acquisivisset,
1771 1622 1810 1657 nec
1822 1622 1857 1656 ru·

1103 1671 1165 1730 ptius
1174 1674 1311 1735 imperatori
1322 1678 1439 1744 εσθεεεσι.
1473 1686 1548 1743 atque
1559 1683 1659 1731 cbaerea
1666 1684 1717 1733 illio
1726 1698 1812 1733 sunrnu
1819 1692 1858 1734 ent

1102 1748 1126 1794 in
1151 1750 1216 1798 ratio.

1132 1760 1155 1872 ἀ.
1168 1828 1266 1877 cinero·
1277 1834 1357 1879 autem
1366 1831 1461 1894 indigne
1472 1833 1549 1883 sereno
1560 1836 1611 1884 caii
1623 1850 1727 1886 ararem
1737 1847 1857 1901 superreu

1102 1918 1188 1978 iiiiom,
1199 1924 1322 1985 totamque
1332 1922 1385 1984 eiua
1394 1923 1508 1975 [emiliam
1521 1940 1568 1975 non
1578 1926 1609 1975 ad
1621 1929 1801 1979 internecionem
1808 1932 1855 1979 doio

1102 2020 1149 2062 tam
1166 2028 1230 2077 ease,
1244 2019 1345 2080 (utpote
1360 2020 1426 2082 quod
1435 2021 1496 2071 iuret
1506 2028 1533 2072 ut
1550 2024 1659 2087 σσῖεσσῖε
1669 2039 1702 2075 er
1716 2027 1757 2076 iiio
1771 2029 1855 2089 rotimus

1099 2112 1177 2170 eooet,
1192 2109 1247 2159 inin
1262 2113 1388 2173 perniciem
1399 2114 1503 2168 ciritniia
1517 2117 1643 2178 legumque
1657 2124 1820 2180 superarem
1835 2134 1854 2166 or

1100 2208 1213 2264 preterea
1237 2204 1348 2267 perficere
1373 2206 1489 2257 festinans
1507 2210 1571 2271 qnod
1588 2211 1613 2259 in
1631 2212 1715 2261 animo
1733 2215 1853 2275 agitaverat,

1100 2308 1217 2359 suumque
1227 2299 1345 2349 inceium
1360 2302 1442 2351 odiunt
1454 2303 1535 2353 taetitia
1553 2306 1689 2369 complere,
1700 2308 1771 2357 mtutt
1780 2308 1852 2356 iulium

1099 2392 1206 2453 Lupum,
1217 2406 1292 2441 unum
1302 2407 1316 2443 e
1327 2394 1443 2457 tribunis,
1454 2397 1495 2458 qui
1505 2397 1555 2447 caii
1565 2412 1663 2447 uxorem
1677 2399 1793 2463 iiiiemque
1802 2402 1850 2463 prri-

1098 2487 1181 2531 meret.
1213 2488 1279 2549 Lupo
1290 2492 1384 2547 autam,
1394 2489 1525 2539 Clementis
1538 2491 1625 2553 qnippe
1632 2496 1748 2553 cognato,
1760 2493 1782 2541 id
1792 2505 1850 2553 genno

1097 2576 1201 2627 osticium
1212 2578 1396 2643 demandarunt,
1410 2588 1438 2631 σι
1450 2585 1542 2645 tyranni
1553 2585 1641 2645 credie,
1652 2586 1711 2636 lieet
1720 2588 1744 2635 in
1754 2601 1777 2636 re
1787 2588 1851 2648 bujuo·

1098 2672 1176 2733 modi,
1187 2676 1304 2739 pertirepo
1312 2677 1388 2725 ῖεσισε
1398 2678 1491 2727 νίεισιῖε
1502 2678 1572 2728 laude
1580 2678 1733 2730 devoraretur
1743 2682 1851 2738 ocium,

1097 2767 1161 2817 baud
1171 2771 1310 2819 aeouaacoi
1328 2771 1432 2821 oonoiiiia
1447 2784 1530 2822 eorum
1545 2774 1658 2839 omnibus
1675 2775 1812 2825 iuteriuiooet
1819 2774 1851 2835 nui

1096 2860 1191 2909 facinus
1209 2864 1406 2923 excogitaverant
1442 2864 1591 2924 Quibusdam
1610 2872 1694 2915 autem
1710 2881 1725 2915 c
1741 2867 1850 2927 mninutis

1095 2952 1311 3004 immanitatioeaoe
1320 2956 1444 3005 ridebitur
1454 2956 1477 3004 iu
1489 2957 1611 3006 ιιισιῖετιι
1620 2957 1738 3011 eertum
1746 2972 1850 3017 ειαοεσ,

1095 3047 1189 3109 quando
1201 3049 1274 3098 Caius
1290 3050 1365 3111 magis
1382 3063 1412 3099 cx
1424 3051 1517 3111 iugenio
1533 3065 1578 3101 ouo
1588 3066 1663 3115 quam
1682 3052 1748 3104 iiiios
1761 3054 1848 3115 improba

232 3124 259 3164 ιο
274 3107 409 3187 cupienti]
423 3111 562 3189 τῇέκείνητ
572 3111 606 3171 τὰ
620 3114 705 3172 πάντα
718 3114 828 3195 πρᾶξαι,
843 3116 869 3185 ἐξ
884 3109 920 3175 ὧν
933 3142 962 3177 τε
976 3122 1052 3189 roto<
1093 3141 1340 3202 omnumnutoeu,
1349 3156 1405 3205 que
1415 3143 1439 3191 io
1450 3145 1624 3193 muniuerunt
1635 3145 1850 3197 nreeuraonuo

275 3195 449 3274 ἀπηγορεύκει
460 3207 512 3264 τοῖς
532 3202 700 3281 κατειληφόσι
713 3212 802 3269 κακοῖς
812 3203 856 3262 καί
870 3206 922 3262 τῶν
936 3210 1049 3266 πολιτῶν

272 3279 288 3337 ἀ
306 3304 331 3338 τι
353 3282 398 3340 καὶ
422 3284 494 3351 ἀνθος
514 3276 545 3356 ἀν
562 3287 695 3347 ἀπώλετο·
720 3293 742 3348 oi
761 3290 787 3347 δὲ
806 3289 851 3349 καί
869 3291 915 3361 ritu
939 3292 987 3369 μὲν
1007 3294 1050 3353 ἐπὶ

272 3367 396 3435 τοιούτοις
409 3371 544 3429 ἐνεκάλουν
561 3374 627 3452 αὐτῇ
639 3375 754 3451 γνώμην,
773 3376 803 3435 τδ
818 3378 844 3435 δέ
865 3388 917 3436 πᾶν
934 3381 1048 3439 καὶτῶν

272 3455 322 3513 ὑπὸ
335 3452 416 3515 Γαίου
429 3458 619 3537 πεπραγμένων
632 3466 719 3520 κακῶν
731 3464 816 3543 ἐκείνῃ
826 3464 873 3535 τλν
890 3466 976 3524 αἰτίαν
987 3468 1048 3527 ἕπε’-

229 3560 256 3599 en
271 3564 357 3622 φερον,
367 3544 502 3623 φάρμακον
515 3550 553 3627 τῷ
562 3547 635 3627 Γαΐῳ
644 3552 738 3609 δοῦσαν
753 3554 854 3611 ἐννοιῶν
867 3553 992 3613 δούλωσιν
1002 3555 1046 3614 καὶ

270 3629 372 3708 ε’ρώτων
394 3632 532 3709 ἐπαγωγὰς
552 3637 622 3715 αὐτῷ
640 3638 824 3719 ψηφιούμενον,
845 3644 880 3707 ώς
899 3644 935 3707 εἰς
951 3645 1046 3719 μανίαν

272 3716 460 3791 μεταστάντος,
473 3720 506 3777 od
519 3721 606 3779 πάντα
621 3722 702 3793 αὐτὴν
713 3715 777 3781 εἶναι
787 3724 834 3797 τλν
847 3750 1047 3806 νεναυπηγημε·

1093 3236 1169 3299 ipram
1180 3236 1322 3286 vexantibus
1335 3239 1515 3297 succumberet,
1531 3244 1556 3288 et
1566 3240 1656 3289 civium
1671 3236 1777 3304 duaeque
1787 3241 1849 3289 tortio·

1093 3330 1166 3378 εῖιιισε
1174 3332 1293 3379 amitteret
1305 3350 1311 3379 :
1321 3330 1361 3379 aiii
1376 3337 1458 3379 contra
1470 3330 1587 3391 ejuarnodi
1605 3346 1755 3397 quaeeunque
1768 3334 1846 3382 decreti

1092 3432 1158 3474 erem
1177 3427 1244 3474 uxori
1265 3426 1324 3474 vitio
1342 3426 1479 3486 vertebant,
1492 3432 1516 3476 et
1533 3428 1630 3475 omnino
1645 3430 1768 3489 omnium,
1783 3438 1847 3488 quer
1894 3437 1895 3498 γ

1092 3521 1150 3569 Gaio
1159 3524 1250 3583 patrata
1260 3523 1340 3579 αισι,
1351 3522 1467 3569 maiorum
1478 3522 1552 3583 ipsam
1570 3522 1754 3582 insimulabant,
1770 3528 1846 3583 utque
1894 3533 1895 3536 ¹

1091 3613 1204 3677 pbiitrum
1213 3614 1235 3663 ei
1245 3612 1349 3690 dederit,
1359 3617 1387 3661 ut
1395 3615 1502 3662 animum
1512 3614 1564 3673 ejus
1579 3614 1623 3662 eibi
1632 3614 1765 3665 obnoxium
1777 3613 1844 3663 reddr-

1024 3729 1032 3750 ι
1091 3706 1171 3767 deret,
1180 3713 1205 3756 et
1215 3707 1244 3755 ad
1254 3705 1382 3755 amandum
1393 3719 1448 3754 eum
1461 3706 1583 3755 induceret
1603 3707 1699 3770 sibique
1717 3706 1843 3758 devinciret:

267 3824 314 3872 ,η,
340 3803 383 3861 ρπγ
397 3809 453 3871 ²⁰¹3<
474 3806 616 3885 Ῥωμαίων
637 3809 728 3889 τύχω,
748 3812 792 3870 mr
808 3819 853 3880 td<
873 3816 1048 3888 ὑποτελῶσης
1090 3800 1149 3849 adeo
1161 3800 1248 3859 nt,itto
1259 3798 1289 3847 ad
1299 3798 1412 3846 inscitiam
1422 3796 1605 3859 enormiorem
1616 3798 1843 3848 omniamocbinrun

268 3892 354 3957 αὐτοῖς
373 3894 530 3969 οἰκουμένης.
574 3897 627 3957 Καὶ
647 3897 728 3977 πέρας
748 3899 861 3979 κυρωθὲν
884 3898 951 3959 ῶατε
966 3903 1045 3973 αὐτὴν

226 4001 255 4039 iu
269 3978 389 4037 τελευτᾶν
404 3982 555 4062 (οὐδὲνγὰρ
572 3988 595 4043 oi
611 3984 816 4053 ἀποσπεύδοντες
828 3980 877 4047 οἶοί
894 4010 921 4046 τε
935 3990 1046 4070 ὠφελεῖν

266 4057 353 4143 ἦσαν)
367 4068 500 4128 ἐστέλλετο
516 4075 656 4139 θΛοῶπος·
677 4073 831 4154 ἐθραδύνετσ
845 4073 872 4132 δέ
886 4074 958 4133 οὐδὲν
978 4081 1044 4150 μελ-

265 4152 339 4222 λήσει
357 4159 464 4234 τῇκατ’
486 4158 574 4225 αὐτὸν,
589 4158 656 4218 ὥστε
672 4160 707 4235 μὴ
727 4163 774 4219 οὐκ
797 4164 831 4228 εἷς
850 4162 939 4241 καιρὸν
958 4163 1043 4221 δεδια-

265 4244 388 4311 κατῆσθαι
397 4250 451 4309 τοῖς
462 4246 656 4318 ἀπεσταλκόσι,
671 4246 751 4328 θελων
770 4248 810 4305 ἀπ’
831 4250 954 4325 οὐδαμοῖς
970 4274 1041 4326 μεμ-

264 4326 327 4393 πτὸς
350 4318 486 4388 εἶναιτῶν
511 4333 552 4390 ἐπ’
571 4334 682 4414 ὠφελείᾳ
697 4340 741 4392 τοῦ
765 4334 848 4411 δήμου
870 4338 1041 4421 ποιουμένων.

222 4433 247 4471 tn
267 4414 412 4494 Παρελθὼν
437 4418 465 4476 δὲ
483 4418 526 4477 toi
546 4426 592 4479 τοῦ
616 4422 748 4499 βασιλείου
773 4422 971 4498 καταλαμύάνει
993 4422 1042 4495 τὴν

267 4503 417 4561 Καισωνίαν
433 4506 514 4581 (γυνὴ
526 4506 553 4565 δὲ
567 4498 598 4579 ἦν
612 4513 656 4565 τοῦ
667 4510 688 4567 Γ
690 4504 763 4583 aion)
776 4510 1039 4587 παρακατακειμένην

261 4590 299 4666 τῷ
312 4588 415 4665 σώματι
430 4596 475 4649 τοῦ
485 4594 574 4673 ἀνδρὸς
583 4598 756 4671 χαμαιπετεῖ,
769 4594 814 4652 καὶ
823 4594 928 4653 πάντων
938 4598 965 4654 ἀν
976 4603 1036 4656 dru-

262 4674 308 4754 χίφ
323 4667 359 4734 ῶν
370 4677 502 4756 χαρίζοιτο
522 4680 580 4739 ἀνθ
594 4679 670 4756 νόμος
688 4686 740 4747 τοῖς
757 4691 925 4755 μεταστᾶσιν,
945 4682 1039 4759 αίματί

263 4784 290 4819 τε
305 4764 522 4845 ἀναπεφυρμένην
543 4769 572 4825 ix
589 4771 640 4825 τῶν
657 4769 814 4845 τραυμάτων
835 4768 881 4827 καί
899 4772 984 4849 πολλῇ
1005 4776 1038 4850 τῇ

220 4870 247 4906 oo
263 4850 429 4930 ταλαιπωρία
446 4852 652 4933 συμφερομένην,
664 4859 710 4925 ιη”ς
721 4854 843 4935 θυγατρδς
856 4858 1037 4936 παρερριμμέ-

262 4957 319 5005 νης·
332 4937 440 5007 ἠκούετό
450 4962 480 4997 τε
494 4942 521 4997 ἀν
539 4947 591 5006 τοῖς
610 4942 721 5001 τοιοῖσδε
733 4942 805 5000 οὐδέν
820 4942 905 5023 ἕτερον
919 4942 936 5013 ἀ,
950 4942 1036 5001 κατά-

186 5058 188 5063 ·
263 5025 360 5102 μεμψις
384 5030 428 5083 τοῦ
442 5021 536 5099 Γαίου,
554 5030 590 5094 ῶς
608 5026 718 5099 πιθανὴν
735 5032 764 5087 οδ
785 5028 894 5107 σχόντος
910 5029 1036 5098 πολλάκις

261 5114 481 5190 προηγορευκυῖαν
493 5116 583 5187 αὐτήν.
625 5116 689 5176 Ἐπ’
702 5116 836 5199 ἀμφύτερα
846 5119 873 5177 δέ
885 5110 957 5186 οὗτος
967 5123 981 5177 θ
993 5119 1037 5177 λό-

261 5219 305 5277 γος
319 5197 364 5254 καὶΙ
377 5200 433 5257 τότε
447 5202 574 5274 εἰκάζετο,
589 5203 633 5261 καὶ
649 5210 692 5261 νῦν
705 5207 743 5285 ἔφ’
751 5207 846 5282 ὁμοίοις
856 5205 989 5286 πρόκειται
1002 5228 1035 5284 τη

1089 3906 1142 3941 ense
1150 3893 1174 3939 in
1185 3893 1289 3940 ῖσιιιιιιεε
1296 3894 1454 3940 Romanorum
1463 3927 1470 3950 ,
1478 3891 1590 3953 orbisque
1600 3892 1675 3941 tntiuo
1684 3893 1775 3941 iiiornnr
1782 3889 1843 3939 domi·

1089 3985 1177 4034 σσιῖσσῖ
1188 3985 1296 4045 aubiecti.
1328 3988 1457 4045 Quumque
1466 3984 1489 4033 itt
1499 3998 1552 4032 eam
1563 3986 1707 4035 seutentiam
1718 3986 1841 4040 itenere,

1089 4087 1114 4129 ut
1124 4086 1200 4129 morte
1211 4081 1352 4143 plecteretur
1362 4080 1434 4141 (nibit
1444 4080 1508 4129 eninr
1519 4081 1564 4143 ipoi
1574 4082 1714 4143 protuerunt
1720 4083 1759 4145 qui
1768 4081 1841 4130 done

1086 4176 1204 4238 debunt,)
1219 4176 1357 4225 nuttebatur
1373 4178 1455 4236 Lupue
1465 4195 1471 4222 :
1483 4188 1528 4223 nec
1545 4174 1593 4223 υΙΙτ
1603 4180 1655 4225 erat
1668 4190 1735 4226 mora
1744 4181 1840 4239 ςστσινα

1087 4270 1110 4319 in
1119 4271 1182 4332 ipen,
1191 4284 1239 4333 quo
1250 4270 1330 4317 minue
1341 4270 1454 4329 imperata
1464 4268 1562 4317 faciendi
1576 4272 1673 4332 iempua
1685 4270 1840 4334 συναιρήσει·

1086 4368 1212 4429 arriperet,
1220 4380 1300 4415 neena
1307 4366 1376 4428 ootpa
1384 4366 1450 4415 tieret
1459 4369 1487 4413 ιιι
1494 4366 1625 4428 quidquam
1636 4362 1839 4427 omitteretnrqnod

1085 4457 1168 4509 tatutis
1177 4458 1311 4507 communis
1320 4459 1438 4507 intererat.
1458 4460 1782 4522 Quumqueiugrederetnrin
1792 4457 1840 4520 potr

1085 4554 1160 4613 tium,
1172 4552 1304 4603 cescum
1315 4552 1365 4601 caii
1379 4552 1501 4613 conjugem
1512 4550 1611 4600 oiiendit
1619 4552 1690 4613 juxta
1698 4552 1772 4601 mariti
1783 4548 1837 4598 orde·

1084 4659 1126 4695 rer
1144 4646 1378 4708 bumiprnatratum,
1396 4647 1420 4693 et
1430 4643 1572 4694 destitutum
1591 4643 1838 4700 rebnaornnrbusqart

1084 4738 1157 4786 moria
1172 4741 1210 4784 est
1223 4736 1330 4787 exbiberi
1351 4727 1465 4797 mortuis,
1486 4750 1570 4785 cruore
1589 4736 1715 4785 vulnerum
1731 4735 1836 4797 ipudore

1083 4832 1208 4887 sedatam,
1220 4836 1245 4879 et
1256 4830 1415 4879 miserendum
1424 4830 1448 4878 in
1461 4828 1558 4878 modurn
1566 4829 1692 4888 aidietam,
1701 4828 1747 4877 tttto
1757 4830 1836 4889 putri&

1082 4928 1157 4991 ipsam
1169 4927 1337 4989 procumbente
1347 4939 1404 4976 :nec
1413 4926 1436 4974 in
1448 4924 1565 4986 eiusmodi
1575 4924 1641 4973 iuctu
1649 4930 1674 4974 et
1682 4916 1835 4974 mererentur

1081 5026 1204 5088 quidpiam
1223 5024 1392 5073 exaudiebatur
1412 5034 1484 5085 quam
1495 5023 1547 5071 ciii
1566 5022 1698 5081 εσασεεθσ,
1710 5018 1772 5083 quad
1787 5013 1834 5079 ἰνῦῖι

1081 5132 1136 5180 qum
1145 5116 1214 5167 tntieu
1230 5130 1285 5166 eum
1297 5121 1485 5193 praemonuerat,
1494 5116 1566 5167 fldem
1580 5130 1629 5168 nnn
1643 5117 1758 5167 hebuerit.
1786 5115 1834 5169 0²

1081 5212 1154 5261 rerba
1165 5214 1190 5259 et
1198 5224 1228 5260 eo
1240 5216 1346 5273 ternpore
1362 5210 1386 5258 in
1397 5212 1623 5273 utramquepartem
1634 5204 1833 5272 accipiebatur&
