3859 6084
748 499 1029 558 ΑΡΧΑΙΟΛΟΓΙΑΣ
1050 500 1146 559 Brut.
1168 501 1201 560 E.
1224 501 1314 560 tud.
1336 505 1369 560 Δ.

277 637 322 694 καὶ
339 634 510 714 παράσχωσιν
523 633 606 710 αὐτῷ·
626 632 783 687 κεκενῶσθαι
796 627 847 708 γὰρ
863 627 914 699 ήδη
926 631 978 685 τῶν
989 630 1049 708 ε’ρο-
1096 640 1176 688 essent
1187 637 1286 687 sistitis
1316 641 1348 687 nt
1363 648 1439 700 quum
1456 635 1562 686 domnius
1579 637 1734 698 subjecisset,
1753 636 1799 686 sibi
1819 651 1879 688 esne

277 723 347 781 δίων.
391 725 444 781 Τοῦ
459 721 481 778 δ’
496 717 594 778 οἰκέτου
605 716 726 796 τέταρτον
739 719 813 794 αύτῷ
823 719 944 795 παρεῖναι
959 715 1049 773 σίκλου
1094 730 1249 792 quadrantem
1266 729 1331 790 steti,
1345 741 1448 792 00qu
1468 743 1495 779 ω
1514 729 1640 792 (laturum,
1660 731 1790 791 (mg
1807 733 1878 780 mim

276 809 403 891 ρήσαντος
416 810 460 866 καί
473 813 549 865 τοῦτο
561 805 660 878 δώσειν,
679 803 742 882 [ὑπὸ
759 801 809 882 γδιρ
825 803 928 881 ἀγνοίας
944 808 990 861 τοῦ
1010 801 1048 878 μή
1095 823 1159 887 quod
1168 822 1569 886 noectrmtpropiretnnrmeroedern
1579 823 1764 885 ιιοοεοοῖρετε),
1775 824 1807 871 ια
1818 838 1885 872 eum

275 893 617 974 λαμὸἄνεῑνῖὸνπθοῖήῖθν
630 891 720 968 μισθὸν
738 888 1050 978 ίπθανῶντθιίῙαθαΥί·
1095 918 1263 968 seounterunt.
1290 917 1409 981 toquend
1425 917 1610 981 portusobviurn
1626 917 1681 966 tacti
1699 919 1799 981 puellis,
1816 933 1883 980 quae

248 1007 370 1046 ςνονται.
411 983 465 1043 Καὶ
477 983 540 1062 πρὸς
551 983 608 1047 ταῖς
621 978 714 1045 πύλαις
724 978 904 1058 περιτυχόντες
915 977 1051 1086 παρθένοις
1095 1017 1209 1076 ,ΨΜ
1225 1013 1336 1076 exim,
1353 1016 1464 1076 mmm
1475 1025 1504 1062 εἴ
1521 1011 1557 1062 εἰ,
1571 1012 1612 1061 ubi
1621 1017 1686 1062 M
1694 1014 1819 1076 W&
1833 1013 1888 1062 do·

280 516 334 566 rur
377 505 495 582 (nupsi.)
1747 511 1882 581 [κατήντα]

275 1073 313 1152 ἐρ’
328 1070 396 1151 ὕδωρ
410 1069 587 1150 βαδιζούσαις,
606 1071 734 1148 ἐρωτῶσιν
753 1067 833 1132 αὐτας
852 1073 897 1124 τοῦ
916 1087 1049 1144 προρητου

274 1160 320 1230 τήν
335 1160 428 1218 οἰκίαν.
457 1161 505 1218 -At
519 1155 547 1215 δέ
558 1155 726 1232 σημαίνουσι,
737 1154 782 1212 καὶ
801 1151 920 1212 σπεύδειν
937 1175 1050 1231 παρεκε·

275 1246 419 1322 λεύσαντο,
438 1246 498 1325 πρὶν
521 1243 597 1302 αὐτὸν
619 1246 654 1310 εἷς
676 1242 706 1301 τὸ
725 1244 827 1301 δεῖπνον
848 1243 1049 1311 κατακλιθῆναι·

275 1333 385 1402 πολλοὺς
401 1334 452 1412 γὰρ
467 1337 553 1392 ἑστιᾶν
568 1332 612 1391 καί
623 1331 873 1412 προκατακλίνεσθαι
890 1333 941 1387 τῶν
955 1328 1050 1398 κεκλη-

245 1422 370 1498 ωμένων.
412 1421 446 1482 ‘0
461 1417 488 1480 δὲ
503 1419 656 1496 Σαμούηλος
668 1418 710 1476 διὰ
728 1425 802 1477 τοῦτο
815 1414 926 1483 πολλοὺς
945 1415 988 1474 ἐπί
1002 1414 1049 1486 τήν

276 1511 362 1580 ἑστίαν
376 1507 432 1566 τότε
447 1507 585 1586 συνήγαγε·
602 1506 715 1587 δεομένῳ
729 1505 779 1585 γδρ
793 1503 861 1563 κατδι
872 1513 960 1561 πᾶσαν
981 1501 1049 1577 ήμέ-

277 1621 323 1676 ραν
335 1600 405 1676 αὐτῷ
415 1601 458 1654 τοῦ
473 1598 541 1656 Θεοῦ
554 1595 685 1673 προειπεῖν
694 1593 750 1651 τίνοι
762 1593 865 1662 ποιήσει
881 1588 1005 1669 βασιλέα,
1017 1593 1049 1665 τῇ

276 1684 438 1762 παρελθούσῃ
446 1688 534 1739 τοῦτον
544 1679 713 1756 μηνύσαντος,
722 1677 842 1759 (πέμψειν
852 1678 901 1757 γὰρ
910 1677 985 1743 αὐτὸς
992 1674 1049 1734 τινδι

277 1769 407 1828 νεανίσκον
422 1773 451 1826 ἐκ
470 1774 516 1839 τῆς
531 1767 706 1844 Βενιαμίτιδος
721 1769 814 1844 φυλῆς,
829 1765 897 1824 κατὰ
912 1764 989 1835 τήνδε
1003 1761 1049 1834 τήν

240 1876 263 1914 ιο
277 1857 376 1936 ώραν,λ
391 1857 465 1922 αὐτὸς
477 1855 523 1934 μὲν
539 1855 580 1914 ἐπὶ
594 1861 638 1913 τοῦ
655 1854 772 1930 δώματος
783 1851 950 1932 καθεζόμενος
962 1849 1051 1918 ἐξεδέ-

276 1967 339 2023 χετο
352 1945 395 2002 τὸν
406 1945 494 2025 καιρὸν
505 1943 633 2021 γενέσθαι,
648 1941 826 2022 πληρωθέντος
841 1943 863 1998 δ’
877 1941 955 1998 αὐτοῦ
970 1961 1051 1997 κατα·

280 2034 327 2099 dig
339 2034 380 2090 ἐπὶ
389 2035 418 2092 τὸ
428 2035 527 2092 δεῖπνον
540 2033 683 2111 ἐπορεύετο.
727 2033 845 2110 Συναντᾷ
856 2027 883 2086 δέ
892 2032 929 2107 τῷ
940 2025 1051 2105 Σαούλῳ

278 2121 321 2177 καῖ
331 2125 343 2178 θ
352 2121 417 2186 (θεὸς
431 2123 501 2200 αὐτῷ
516 2119 637 2196 σημαίνει
651 2125 739 2177 τοῦτον
754 2109 820 2175 εἶναι
833 2117 875 2174 τὸν
890 2115 976 2196 ἄρξειν
987 2114 1050 2190 μέλ·

276 2211 364 2269 λαντα.
406 2207 520 2274 Σαίουλος
528 2207 554 2264 δὲ
563 2207 681 2286 πρόσεισι
692 2210 728 2286 τῷ
741 2203 903 2283 Σαμουήλῳ,
913 2203 958 2262 καὶ
970 2225 1050 2282 προσ·

238 2313 264 2351 uo
278 2296 417 2375 αγορεύσας
440 2298 520 2353 ε’δεῐτο
543 2294 647 2369 μηνύειν
665 2293 712 2364 τήν
735 2293 817 2352 οἰκίαν
840 2298 884 2349 τοῦ
902 2290 1051 2370 προρήτου·

279 2383 344 2450 ξένος
353 2381 445 2462 piopriis
459 2384 558 2458 ἀγνοεῖν
571 2382 675 2461 ἔρασκε.
716 2383 768 2439 Τοῦ
780 2379 806 2437 δὲ
819 2377 975 2454 Σαμουήλου
985 2377 1050 2456 ρρά·

278 2495 368 2536 σαντος
380 2470 455 2527 αὐτὸν
470 2461 535 2526 εῖναι
549 2470 593 2526 καί
609 2468 713 2545 ἄγοντος
726 2467 769 2524 ἐπὶ
783 2467 812 2525 τθ
827 2467 940 2534 δεῖπνον,
952 2468 986 2529 ώς
999 2467 1050 2521 τῶν

277 2559 341 2616 ὄνων
357 2561 395 2637 ἐρ’
410 2551 445 2616 ὧν
461 2556 506 2628 τήν
523 2556 628 2626 ζήτησιν
644 2553 803 2632 ἐκπεμρθείη
820 2549 1050 2628 σεσωσμένων,τά

278 2672 305 2706 τε
321 2647 423 2706 ποίντων
434 2644 518 2721 ἀγαθδι
531 2644 598 2722 ἔχειν
608 2646 677 2723 αὐτῷ
689 2641 872 2723 κεκυρωμένα,
884 2638 1049 2721 προστυχὼν,

239 2748 264 2786 ²⁵
279 2763 290 2785 ι
305 2737 362 2791 ἀλλ’
381 2733 477 2806 ήττων,
489 2723 569 2804 εῖπεν,
594 2730 659 2806 ἐγὼ,
674 2729 799 2798 δέσποτα,
814 2728 908 2799 ταύτης
925 2733 971 2798 τῆς
981 2726 1051 2785 ἐλπί-

279 2849 290 2872 ν
304 2823 345 2888 do<
359 2822 402 2878 καὶ
418 2823 497 2901 ρυλῆς
511 2818 662 2898 μικροτέρας
674 2817 689 2888 λ
711 2816 831 2897 βασιλέας
846 2820 927 2874 ποιεῖν
941 2814 986 2873 καί
999 2838 1052 2872 πα-

279 2935 290 2958 ι
304 2917 375 2985 τριᾶς
386 2905 624 2985 ταπεινοτέραςτιῖιν
637 2905 722 2962 ἀλλων
733 2906 858 2982 πατριῶν.
873 2901 910 2961 Σύ
920 2900 946 2958 δὲ
954 2900 1052 2968 παίζεις

279 3021 290 3044 ι
306 2994 349 3049 καὶ
359 2991 459 3070 γέλωτά
470 3016 501 3069 με
510 2992 608 3050 τίθεσαι
619 2991 678 3068 περὶ
692 2989 813 3064 μειζόνων
823 2987 840 3058 ή
854 2987 921 3046 κατὰ
930 2987 977 3058 τήν
986 2986 1051 3061 ἐμήν

279 3107 290 3129 ο
304 3079 394 3157 χρείαν
406 3078 582 3157 διαλεγόμενος
596 3105 617 3138 ι,
631 3078 663 3136 Ὁ
676 3077 701 3135 δὲ
714 3077 847 3158 προρήτης
861 3075 965 3154 ἀγαγών
975 3075 1051 3133 αὐτὸν

240 3179 266 3217 ³⁰
281 3167 323 3222 ἐπὶ
334 3165 381 3236 τήν
397 3165 510 3224 ἑστίασιν
529 3165 677 3223 κατακλίνει
691 3163 735 3222 καὶ
756 3164 798 3220 τὸν
813 3161 949 3221 ἀκόλουθον
964 3160 1051 3220 ertio

232 3275 235 3284 ·
281 3257 331 3309 τῶν
345 3251 523 3329 κεκλημένων·
538 3243 607 3310 οὗτοι
624 3253 645 3309 δ’
659 3244 725 3323 ήσαν
739 3247 916 3325 ἑθδομήκοντα
930 3248 974 3306 τὸν
992 3251 1049 3326 ἀρι·

280 3337 356 3412 θμόν·
369 3339 525 3417 προσταίσσει
537 3338 564 3395 δὲ
576 3339 627 3403 τοῖς
641 3338 765 3402 διακόνοις
778 3340 930 3415 παραθεῖναι
942 3337 979 3414 τῷ
992 3336 1048 3393 Σα-

278 3425 346 3505 ούλῳ
355 3426 444 3506 μερίδα
458 3425 604 3504 βασιλικήν.
645 3424 720 3484 ’Erret
731 3424 779 3494 δή
790 3426 876 3495 κοίτης
887 3421 941 3500 ώρα
951 3425 1050 3501 προσῆ-

278 3537 330 3588 γεν,
343 3516 366 3570 οἱ
380 3512 426 3586 μέν
439 3511 594 3576 ἀναστάντες
608 3512 713 3568 ἀνέλυον
726 3510 789 3589 πρὸς
803 3508 894 3574 αύτούς
904 3508 1022 3580 ἕκαστοι,
1035 3513 1049 3566 ὁ

239 3611 265 3648 ³⁵
280 3601 305 3657 δὲ
318 3600 432 3666 Σοίουλος
446 3598 518 3678 παρὰ
528 3602 565 3679 τῷ
580 3597 698 3678 προρήτη
715 3599 760 3656 σὺν
772 3602 809 3680 τῷ
822 3596 958 3677 θεράποντι
973 3619 1048 3654 κατε·

279 3687 401 3763 κοιμήθη.

337 3773 343 3794 Ι
368 3769 380 3795 θ
542 3771 549 3792 Ι
679 3771 685 3792 Ι
854 3769 862 3792 Ι
946 3771 954 3792 Ὶ
975 3769 983 3789 t

320 3778 354 3850 β.
378 3780 440 3849 Αμα
453 3770 479 3830 δὲ
496 3777 582 3852 ήμερρ
596 3775 749 3848 Σαμουήλος
764 3773 912 3840 ἀναστησας
926 3793 1002 3828 αυτον
1022 3772 1051 3827 ἐκ

277 3865 323 3928 τῖς
334 3859 421 3930 κοίτης
432 3860 594 3940 προύπεμψε.
613 3861 666 3920 Καὶ
679 3860 811 3936 γενόμενος
833 3859 880 3926 ἔξω
894 3864 939 3929 τῆς
952 3858 1052 3925 πόλεως

217 3955 221 3964 ’
279 3948 379 4005 ἐκέλευε
397 3946 499 4023 τὸνμὲν
514 3947 655 4027 θεράποντα
668 3953 775 4018 ποιῆσαι
789 3949 931 4028 προελθεῖν,
949 3946 1050 4004 ὓπολεί·

238 4032 411 4096 iuuentuti
426 4036 516 4092 αὐτόν·
533 4034 602 4112 ἔχειν
626 4033 676 4115 γὰρ
699 4037 769 4113 αὐτῷ
782 4057 807 4091 τι
827 4033 925 4114 ρροίσαι
943 4033 1051 4107 μηδενὸς

278 4122 357 4179 ἄλλου
379 4120 511 4199 παρόντος.
555 4121 635 4182 Kaio
659 4121 706 4198 μὲν
728 4121 842 4185 Σίουλος
862 4119 1048 4195 ἀποπέμπεται

276 4208 320 4265 τὸν
336 4207 480 4266 ἀκολουθον.
523 4206 619 4268 ,λαθὼν
634 4210 656 4264 δ’
668 4208 823 4287 θπρορήτης
834 4205 863 4263 τδ
878 4204 950 4280 δίγιον
964 4204 1050 4263 ἔλαιον

277 4303 387 4374 καταχεῖ
399 4297 446 4365 τῆς
457 4300 501 4351 τοῦ
516 4294 647 4352 νεανίσκου
661 4297 775 4372 κεραλῆς
785 4292 829 4350 καί
840 4291 1048 4377 κατασπασάμε-

277 4403 329 4452 νος,
344 4410 355 4434 r
370 4383 434 4455 ἴσθι,
455 4382 531 4460 φησί,
549 4381 668 4460 βασιλεὺς
688 4380 737 4438 ὑπὸ
757 4385 801 4437 τοῦ
816 4382 885 4438 Θεοῒι
900 4401 1047 4457 κεχειροτο·

238 4485 263 4524 ts
279 4495 289 4520 ιι
303 4470 425 4542 νημένος,
438 4469 481 4528 ἐπὶ
493 4469 681 4534 Παλαιστίνους
690 4491 717 4525 τε
729 4467 774 4524 καί
785 4465 831 4536 τήν
842 4466 906 4544 ὑπὲρ
915 4465 1049 4544 Ἓὸραίων

278 4556 411 4631 «ἄμυναν.
452 4555 558 4616 Τούτων
573 4557 595 4613 δ’
609 4555 681 4612 ἔσται
697 4577 736 4612 σοι
754 4557 860 4628 σημεῖον
875 4553 890 4609 ὅ
908 4575 936 4610 σε
954 4553 1046 4631 βούλο-

277 4669 290 4692 r
305 4665 352 4716 μαι
366 4642 559 4722 προγινώσκειν.
570 4640 655 4700 Ὅταν
670 4642 782 4718 ἀπέλθῃς
793 4643 918 4710 ἐντεῦθεν,
932 4642 1048 4709 καταλη·

279 4757 290 4778 ιι
305 4732 348 4806 ψει
357 4737 423 4806 τρεῖς
434 4727 585 4808 ἀνθρώπους
592 4731 618 4785 ἐν
628 4752 659 4805 τη
674 4728 725 4784 ὁδῶ
736 4731 914 4805 προσκυνῆσαι
927 4725 970 4783 τὸν
981 4726 1049 4786 Θεὸν

278 4841 291 4867 ιι
303 4815 487 4891 πορευομένους
497 4818 531 4882 εἰς
542 4813 654 4884 Βέθηλα.
711 4817 751 4872 Ων
765 4813 807 4871 τὸν
819 4813 866 4890 μέν
876 4816 1049 4892 πρῶτοντρεῖς

239 4919 265 4954 ου
279 4927 290 4950 r
306 4901 396 4977 ἄρτους
410 4903 466 4980 ὄψει
479 4902 633 4977 κομίζοντα,
645 4900 688 4958 τὸν
701 4901 727 4958 δὲ
742 4899 858 4978 δεύτερον
868 4901 964 4980 ἔριρον,
973 4900 1049 4979 δτρί-

279 5017 290 5035 κ
305 5012 345 5052 τος
358 4988 384 5044 δὲ
395 4989 472 5072 ἀσκὸν
483 4989 549 5046 οἴνου
562 4989 644 5068 ρέρων
656 4988 834 5058 ἀκολουθήσει.
877 4987 1047 5046 Ἀσπάσονται

278 5103 289 5125 α
306 5073 334 5131 δέ
348 5098 376 5132 σε
389 5069 457 5131 οὗτοι
472 5076 516 5132 καὶ
527 5075 755 5156 ριλορρονήσονται
767 5075 813 5133 καί
824 5074 934 5134 δώσουσί
946 5097 987 5132 σοι
1000 5075 1047 5153 ἀρ·

278 5189 289 5212 α
306 5184 363 5226 τους
375 5161 431 5218 δύο·
441 5161 471 5216 σὺ
485 5165 509 5218 ἓῖ
519 5161 604 5242 λήψει.
647 5163 773 5220 Κάκεῖθεν
785 5161 851 5231 ἥξεις
860 5165 895 5228 εἰς
906 5161 935 5219 τὸ
945 5162 1048 5240 Ῥαχή-

279 5279 290 5301 ι
306 5251 351 5314 λας
370 5249 526 5324 καλούμενον
549 5257 686 5326 μνημεῖον,
706 5248 769 5305 ὅπου
782 5249 923 5322 συμθαλεῖς
944 5254 981 5328 τῷ
1002 5273 1046 5306 σε·

1095 1121 1159 1158 mus.
1191 1109 1304 1157 tttaerero
1314 1105 1637 1166 monstrant,jusseruntque
1645 1118 1783 1168 properare,
1797 1107 1887 1169 prins·

1094 1215 1167 1263 quarn
1181 1201 1221 1250 itte
1234 1199 1312 1263 epotis
1323 1199 1475 1248 occumberet
1489 1213 1496 1246 ε
1514 1198 1603 1248 multos
1617 1198 1681 1246 enirn
1696 1211 1752 1248 euru
1763 1200 1889 1248 oonririo

1094 1296 1201 1358 excipere
1209 1297 1234 1345 et
1242 1299 1297 1344 ante
1306 1295 1419 1343 invitatos
1428 1291 1585 1343 discumbere.
1615 1295 1677 1342 'runi
1687 1299 1767 1342 nutem
1776 1296 1887 1342 Samue-

1095 1389 1133 1438 tus
1147 1389 1193 1437 tino
1210 1387 1261 1451 ipsu
1274 1386 1303 1436 de
1314 1400 1386 1436 reuss
1397 1386 1513 1449 plurimos
1529 1386 1560 1434 ad
1577 1385 1676 1448 epulum
1688 1391 1880 1436 oonronarerat.

1095 1488 1155 1536 Num
1165 1474 1242 1547 quud
1259 1485 1281 1535 et
1296 1483 1402 1547 quoodo
1417 1487 1495 1534 Deum
1508 1483 1584 1532 oruuti
1603 1488 1629 1532 ut
1648 1482 1785 1546 pmdieeret
1801 1498 1888 1546 quern

1094 1583 1267 1632 constituturus
1286 1583 1318 1631 sit
1339 1593 1433 1644 regem,
1453 1580 1529 1644 pridie
1545 1581 1609 1630 huno
1633 1580 1712 1644 ipsum
1731 1581 1890 1643 indicasset,

1096 1683 1150 1746 (illu
1167 1684 1231 1732 enirn
1245 1683 1305 1732 trors
1313 1683 1442 1732 missurum
1455 1695 1482 1732 se
1499 1681 1658 1744 lieniumitum
1673 1680 1794 1744 qnondam
1808 1683 1889 1744 jure-

1095 1797 1164 1845 nem,
1174 1784 1183 1845 )
1193 1783 1483 1846 ilteqnidemtnoonrturi
1491 1782 1804 1846 sedeuserspeotetistdum
1814 1790 1888 1834 tenr-

1094 1895 1141 1944 pus
1155 1881 1262 1942 adesset,
1272 1895 1301 1930 eo
1312 1883 1461 1931 reruuxncto
1478 1879 1676 1930 deseendebntnd
1686 1881 1887 1930 unnnmiturus.

1095 1979 1167 2028 Saulo
1181 1983 1261 2028 sutem
1271 1978 1366 2027 obvium
1378 1977 1406 2026 tit
1415 1979 1487 2039 ιισυο
1498 1977 1519 2026 ei
1531 1977 1635 2038 suggerit
1650 1980 1729 2038 Deus,
1745 1978 1808 2026 trnnc
1819 1991 1886 2028 esso

1095 2075 1137 2137 qui
1148 2075 1262 2137 poputum
1273 2074 1373 2138 irnperio
1382 2077 1480 2135 regeret.
1504 2063 1599 2122 'Saulus
1615 2083 1672 2122 vero
1687 2072 1717 2122 ad
1733 2075 1886 2124 snmuetum

1095 2170 1199 2230 aceedit,
1211 2183 1315 2232 eumque
1327 2168 1456 2218 salutetum
1467 2168 1565 2232 rogabat
1579 2173 1606 2217 ut
1615 2168 1661 2216 sibi
1672 2169 1809 2218 ostenderet
1822 2173 1886 2220 ubi·

1096 2282 1152 2318 nom
1161 2270 1275 2332 propheto
1286 2268 1417 2318 inbituret:
1430 2281 1456 2318 se
1465 2270 1528 2316 enini
1539 2273 1622 2330 utpote
1632 2268 1748 2331 hospitem
1758 2269 1805 2318 troc
1813 2271 1887 2332 igno·

1096 2377 1149 2414 rnre
1159 2364 1261 2413 dicebat.
1295 2368 1375 2422 Quum
1389 2368 1470 2413 nutem
1480 2364 1519 2413 itte
1531 2363 1697 2426 respondisset
1706 2377 1732 2414 se
1742 2377 1799 2414 euru
1808 2380 1886 2429 resse,

1096 2470 1120 2514 et
1130 2465 1160 2513 ud
1169 2478 1260 2513 omnam
1271 2465 1382 2524 ducerem
1392 2465 1470 2514 uinus
1478 2463 1509 2513 nd
1516 2478 1577 2528 quas
1584 2465 1736 2527 vestigandas
1745 2473 1811 2515 esset
1820 2470 1886 2516 mis·

1096 2577 1138 2614 sus
1148 2563 1226 2612 salvos
1238 2575 1299 2622 osso,
1310 2561 1438 2624 ipsumque
1444 2561 1553 2611 οτιιοῖιιιο
1559 2561 1824 2624 bominsunpotsstate
1836 2567 1885 2614 tra·

1097 2663 1165 2722 bero,
1177 2660 1242 2723 qnod
1258 2660 1282 2709 irr
1296 2660 1375 2721 ipsum
1388 2659 1513 2708 inciderit:
1527 2679 1540 2702 ι
1555 2663 1581 2707 ut
1600 2672 1672 2722 supru
1687 2673 1769 2723 spem,
1781 2662 1886 2723 uenat,

1098 2778 1110 2802 α
1121 2772 1198 2808 mount
1209 2764 1266 2807 suut
1273 2759 1327 2818 istu,
1337 2756 1441 2816 domiue,
1452 2760 1476 2806 et
1486 2756 1516 2805 de
1524 2756 1588 2806 tribu
1605 2770 1658 2806 sum
1668 2759 1752 2806 minori
1763 2774 1839 2822 qnam
1854 2768 1886 2810 ut

1098 2878 1110 2900 ι
1123 2871 1188 2918 reges
1198 2857 1297 2917 taceret,
1307 2854 1368 2904 etde
1376 2855 1466 2904 tumttin
1475 2856 1559 2904 ceteris
1569 2856 1663 2905 tamitiis
1675 2857 1804 2906 uumirtori.
1842 2863 1883 2908 Tu

1098 2973 1110 2996 ι
1122 2966 1179 3002 roro
1194 2950 1307 3000 metudio
1322 2954 1347 2999 et
1366 2949 1521 3000 deridendum
1531 2951 1657 3013 propinus,
1670 2955 1697 3000 ut
1707 2951 1747 3013 qui
1757 2951 1788 3000 de
1802 2955 1885 3004 rebus

1098 3070 1110 3094 ι
1122 3049 1250 3110 majoribus
1264 3061 1337 3111 quum
1348 3061 1402 3098 rnen
1417 3049 1461 3098 tert
1475 3048 1579 3098 conditio
1593 3049 1706 3111 loquaris.
1725 3069 1737 3093 ν
1771 3053 1802 3099 nt
1819 3067 1879 3114 pro·

1096 3148 1253 3210 phetnrpsum
1261 3145 1292 3194 sd
1300 3144 1437 3194 ουιιιῖνῖυσι
1445 3144 1565 3194 deduoeus
1577 3145 1716 3195 noeumbere
1726 3147 1796 3206 tacit,
1808 3150 1877 3210 ejus·

1096 3257 1143 3307 que
1163 3243 1293 3301 sumntum,
1315 3256 1387 3304 suprs
1405 3243 1466 3291 ulios
1486 3243 1612 3303 inritatos,
1630 3243 1685 3307 (itti
1702 3250 1784 3293 autern
1805 3255 1881 3296 οιαιιῑ

1096 3340 1244 3403 septuaginta
1260 3339 1386 3400 numero,)
1400 3338 1515 3402 piperque
1532 3339 1647 3388 ministris
1666 3341 1737 3390 Sunio
1752 3354 1881 3404 apponere

1096 3437 1227 3499 portionem
1237 3438 1333 3499 regium.
1365 3440 1445 3493 Quum
1453 3449 1510 3486 reru
1521 3436 1681 3486 ttoraeubitus
1693 3441 1813 3500 venisset,
1833 3443 1877 3491 atii

1095 3532 1192 3596 quidem
1202 3533 1300 3581 domum
1311 3533 1412 3594 quisque
1426 3545 1495 3580 suurn
1505 3531 1666 3596 discutiebant,
1675 3537 1700 3582 ut
1712 3534 1799 3584 Sunius
1808 3539 1879 3600 apud

1096 3631 1235 3693 prophetam
1242 3643 1297 3679 cum
1307 3630 1396 3678 tumulo
1405 3642 1493 3678 soruno
1503 3642 1529 3679 se
1537 3629 1611 3679 dedit.

1127 3780 1149 3822 θ.
1169 3777 1250 3830 Quum
1260 3777 1340 3822 nutem
1351 3771 1398 3820 sub
1407 3774 1487 3821 ortum
1496 3785 1588 3822 uurorae
1598 3773 1723 3822 samuelus
1732 3774 1799 3824 ittunr
1812 3789 1827 3824 e
1840 3777 1875 3826 te-

1095 3867 1159 3915 ctuto
1176 3866 1326 3923 suscitasset,
1347 3865 1474 3915 obeuntem
1494 3865 1602 3916 deduxit.
1640 3872 1731 3928 Atque,
1750 3868 1824 3918 simui
1846 3883 1876 3918 οε

1096 3961 1179 4010 urbem
1192 3973 1300 4022 egressus
1313 3965 1378 4020 erat,
1392 3961 1504 4010 monebat
1520 3965 1547 4009 ut
1565 3961 1785 4021 tumulum-juberet
1797 3963 1871 4026 ipsos

1095 4061 1240 4119 pervertere,
1252 4056 1302 4118 ipse
1311 4057 1391 4103 nutem
1403 4055 1522 4117 paulisper
1528 4059 1628 4104 restaret
1639 4075 1645 4104 ι
1657 4058 1783 4106 monim
1799 4061 1872 4120 quud

1095 4152 1146 4200 stne
1161 4149 1255 4198 arbitris
1265 4151 1299 4198 itti
1311 4149 1383 4198 vettet
1397 4149 1482 4198 dicore.
1515 4153 1577 4198 Τυιιι
1589 4150 1676 4200 santus
1685 4151 1801 4200 tumulum
1817 4156 1873 4216 qui·

1095 4242 1149 4290 dern
1160 4241 1259 4302 ablegat
1291 4242 1407 4301 Propheta
1417 4247 1497 4290 sutem
1507 4244 1630 4301 sumptum
1646 4256 1741 4291 suorum
1752 4244 1836 4294 oleum
1846 4248 1871 4294 in

1094 4333 1264 4396 eaputjorenis
1273 4332 1381 4392 effundit,
1392 4345 1494 4394 eumque
1501 4331 1663 4393 deosoutntus,
1673 4353 1686 4376 ι
1696 4335 1771 4395 scies,
1780 4335 1871 4399 ῖιιηυῖι,

1051 4471 1054 4478 .
1096 4447 1108 4469 ο
1121 4440 1198 4488 regom
1207 4432 1230 4476 to
1241 4430 1311 4476 uDeo
1317 4425 1488 4483 ooustitutnm‚
1498 4423 1527 4472 nd
1540 4424 1682 4475 Pslaestinos
1694 4430 1874 4490 persequendus

1096 4538 1108 4561 α
1120 4526 1144 4568 et
1154 4519 1267 4568 Hebueos
1277 4516 1437 4566 vindicandos.
1471 4520 1561 4566 tiorum
1570 4521 1650 4566 autern
1658 4518 1701 4568 tibi
1717 4520 1812 4580 siguum
1824 4524 1871 4570 erit

1026 4640 1034 4659 ι
1096 4630 1108 4652 ν
1119 4609 1216 4671 qnodte
1226 4609 1279 4658 νοΙο
1287 4609 1406 4670 prescire.
1424 4610 1505 4664 Quum
1513 4608 1569 4656 hine
1577 4608 1697 4670 digressus
1704 4610 1873 4670 tueris‚otten·

1095 4721 1107 4743 «ι
1119 4701 1162 4749 dos
1173 4700 1197 4749 in
1211 4699 1293 4748 itinere
1307 4702 1356 4748 tros
1367 4697 1476 4746 tromiues
1487 4698 1583 4748 Bettreta
1591 4701 1676 4748 euntes
1686 4698 1715 4747 od
1724 4703 1803 4748 Deum
1815 4702 1871 4750 udo·

1094 4811 1108 4835 ι
1120 4791 1229 4840 rnruturu.
1261 4795 1368 4847 Quorum
1377 4789 1479 4852 priruuru
1488 4789 1585 4851 quidem
1595 4795 1643 4838 tres
1651 4803 1725 4852 penes
1734 4797 1872 4852 portantem

1095 4899 1107 4922 ι
1120 4879 1226 4938 ridebis,
1237 4877 1369 4926 soruuduru
1384 4889 1442 4925 vero
1457 4876 1569 4936 trundum,
1589 4877 1675 4926 tertius
1692 4882 1774 4927 nutem
1789 4886 1869 4929 utrem

1094 4994 1106 5016 α
1120 4974 1168 5023 riui
1179 4974 1287 5034 batutuns
1302 4985 1343 5021 ons
1353 4970 1514 5020 wnitsbitur.
1546 4971 1590 5020 tsti
1606 4975 1629 5020 te
1646 4971 1785 5020 nlutobunt
1797 4972 1868 5022 onii·

1094 5085 1106 5108 ι
1116 5071 1198 5129 torque
1209 5065 1374 5126 appeltabuut,
1390 5063 1486 5114 etduos
1501 5063 1544 5112 tibi
1556 5077 1629 5126 penos
1643 5062 1750 5125 ononi,
1769 5069 1797 5112 tu
1812 5077 1868 5113 roro

1093 5182 1105 5203 a
1118 5176 1160 5210 ens
1174 5163 1282 5224 incipies.
1314 5164 1346 5210 Et
1362 5161 1418 5210 inde
1433 5160 1514 5210 venies
1528 5159 1558 5209 sd
1570 5159 1649 5208 tooum
1663 5157 1772 5207 Rnotreiae
1788 5159 1866 5220 sepui-

1092 5273 1104 5296 ο
1118 5267 1184 5302 crum
1196 5252 1404 5314 nominatum,ubi
1414 5242 1502 5302 trunitnt
1512 5263 1634 5312 οοοιιττεο,
1642 5249 1684 5312 rpri
1693 5248 1866 5299 tihinunciatrit
